2085 3294
314 200 385 238 20
772 190 1078 258 Epigrams
1121 191 1187 256 of
1217 190 1470 242 Marzz‘al.

878 556 957 607 30.
1033 558 1159 623 (III.
1198 559 1364 625 XLIV.)

896 697 954 728 To
983 707 1006 729 a
1032 699 1207 737 poetical
1235 699 1342 731 bore.

511 813 750 861 Occurrit
780 814 872 861 tibi
904 830 1056 861 nemo
1085 815 1225 876 quod
1252 815 1487 874 libenter,

511 896 684 955 Quod,
715 912 1042 958 quacumque
1071 897 1231 956 venis,
1260 898 1385 960 fuga
1412 906 1490 945 est
1516 906 1568 945 et
1594 898 1779 961 ingens

515 977 667 1025 Circa
693 985 757 1036 te,
788 977 1047 1040 Ligurine,
1077 978 1317 1038 solitudo,

511 1056 652 1115 Quid
680 1056 758 1115 sit,
792 1043 922 1103 scire
952 1057 1136 1120 cupis?
1211 1058 1378 1106 Nimis
1405 1066 1562 1121 poeta
1588 1075 1658 1107 es.

516 1139 634 1185 Hoc
661 1139 811 1186 valde
841 1139 1022 1187 vitium
1049 1140 1396 1202 periculosum
1425 1149 1517 1189 651.
1903 1159 1927 1206 5

513 1222 631 1267 Νο11
659 1221 804 1284 tigris
833 1222 1018 1270 catulis
1045 1222 1201 1270 citata
1228 1223 1404 1285 raptis,

512 1304 631 1349 Non
660 1303 837 1365 dipsas
867 1304 1039 1351 medio
1066 1313 1277 1367 perusta
1303 1306 1428 1364 sole,

511 1386 623 1431 Nec
651 1385 724 1432 sic
753 1386 987 1448 scorpios
1016 1386 1280 1449 improbus
1308 1387 1531 1436 timetur.

514 1468 647 1513 Nam
675 1475 862 1527 tantos,
893 1485 1032 1531 rogo,
1063 1469 1176 1531 quis
1202 1469 1335 1516 ferat
1362 1469 1567 1518 labores
1591 1474 1607 1520 ?

514 1550 575 1595 Et
603 1550 759 1596 stanti
788 1550 916 1613 legis
944 1559 994 1597 et
1022 1551 1148 1614 legis
1176 1551 1395 1611 sedenti,
1874 1574 1931 1601 10

513 1633 571 1677 In
602 1632 828 1679 thermas
856 1632 998 1695 fugio
1022 1653 1028 1679 :
1070 1649 1226 1680 sonas
1254 1633 1319 1680 ad
1347 1650 1538 1682 aurem.

514 1713 773 1760 Piscinam
802 1723 922 1777 peto
946 1735 953 1762 :
995 1732 1098 1762 non
1127 1715 1246 1763 licet
1274 1723 1467 1764 natare.

511 1795 593 1842 Ad
621 1812 800 1842 cenam
831 1813 1050 1859 propero
1074 1816 1082 1844 :
1122 1804 1269 1844 tenes
1297 1805 1522 1845 euntem.

510 1877 593 1923 Ad
620 1893 801 1924 cenam
832 1878 983 1926 venio
1008 1898 1015 1926 :
1054 1879 1206 1941 fugas
1234 1878 1519 1926 sedentem.

509 1960 703 2006 Lassus
731 1960 930 2007 dormio
955 1980 962 2008 :
1003 1961 1224 2008 suscitas
1251 1960 1524 2009 iacentem.
1871 1980 1924 2027 15

507 2040 601 2087 Vis
629 2050 879 2102 quantum
912 2043 1075 2090 facias
1103 2042 1238 2101 mali,
1268 2042 1480 2091 Videre?

508 2122 600 2168 Vir
627 2122 808 2182 iustus,
840 2125 1050 2186 probus,
1080 2124 1332 2172 innocens
1360 2124 1573 2173 timeris.

358 2522 387 2545 1.
421 2510 561 2556 Quod:
607 2515 789 2546 construe
833 2511 927 2546 with
973 2512 1075 2559 quid
1236 2521 1266 2555 7.
1295 2512 1473 2559 Dipsas:
1512 2524 1534 2547 a
1565 2512 1719 2560 Libyan
1748 2519 1917 2560 serpent,

304 2574 365 2618 sit,
412 2572 490 2608 line
534 2585 568 2619 4,
634 2574 794 2609 ‘what’s
831 2574 896 2610 the
933 2586 1070 2610 reason
1159 2586 1202 2610 so
1239 2574 1362 2611 called
1394 2574 1557 2611 because
1589 2577 1641 2611 its
1669 2576 1750 2612 bite
1782 2577 1922 2612 caused

305 2636 436 2681 why?⁷
455 2641 526 2672 etc.
1157 2639 1275 2675 thirst
1299 2638 1435 2686 (δίψα).

355 2701 388 2734 6.
421 2700 579 2735 Citam:
610 2701 672 2733 ‘in
693 2701 795 2735 swift
826 2702 1001 2746 pursuit’
1030 2701 1071 2735 of
1233 2702 1266 2737 S.
1296 2704 1476 2751 Scorpios
1489 2717 1500 2739 .·
1531 2704 1786 2742 nominative.

307 2763 370 2797 1116
414 2762 554 2797 111111161·
599 2762 685 2797 who
722 2763 791 2798 has
830 2763 956 2798 stolen
1003 2763 1068 2798 her
1211 2777 1266 2800 12.
1296 2767 1533 2803 Piscinam:
1575 2768 1663 2803 ‘the
1699 2769 1921 2815 swimming

308 2824 463 2870 wlielps.
1159 2827 1278 2863 tank.'
