2085 3294
270 250 339 300 34
723 237 778 287 E
772 237 1033 304 pegrrams
1072 238 1139 303 of
1166 237 1429 288 silarlz'al.

871 536 952 586 53.
1032 540 1114 602 (V.
1159 535 1270 601 LII.)

362 647 419 679 To
446 657 469 679 a
493 657 641 688 person
668 648 764 679 who
790 648 1028 688 constantly
1055 648 1237 679 reminds
1262 648 1331 680 the
1355 652 1451 688 poet
1477 649 1517 680 of
1543 649 1608 680 his
1634 649 1787 681 favors.

336 733 484 792 Quae
514 732 639 779 mihi
666 733 988 795 praestiteris
1017 733 1228 780 memini
1255 749 1563 796 semperque
1592 735 1797 782 tenebo.

406 818 512 862 Cur
538 815 692 878 igitur
718 823 881 874 taceo,
914 818 1194 865 Postume?
1267 817 1348 862 Tu
1376 817 1616 878 loqueris.

338 897 539 959 Incipio
569 897 810 959 quotiens
839 898 990 945 alicui
1019 906 1106 945 tua
1134 898 1272 945 dona
1299 899 1505 958 referre,

406 979 646 1026 Protinus
674 980 931 1027 exclamat
961 985 988 1003 “
1014 980 1227 1028 Dixerat
1255 981 1364 1043 ipse
1394 981 1568 1028 mihi.⁷⁷

337 1064 454 1108 Nou
481 1062 616 1109 belle
644 1063 902 1123 quaedam
929 1063 1128 1110 faciunt
1156 1063 1288 1110 duo:
1329 1063 1517 1110 sufficit
1543 1080 1676 1111 unus
1852 1080 1876 1127 5

408 1143 545 1190 Huic
573 1144 745 1206 operi:
787 1145 827 1191 si
856 1145 946 1199 vis,
978 1154 1032 1192 ut
1060 1145 1254 1206 loquar,
1286 1145 1395 1207 ipse
1424 1153 1553 1192 tace.

337 1226 505 1273 Crede
534 1226 672 1285 mihi,
704 1227 941 1288 quamvis
971 1227 1215 1289 ingentia,
1248 1229 1508 1286 Postume,
1538 1227 1676 1274 dona

403 1308 645 1356 Auctoris
672 1318 890 1371 pereunt
915 1309 1215 1372 garrulitate
1246 1309 1339 1357 sui.

845 1551 923 1600 54.
1003 1556 1086 1610 (V.
1130 1552 1297 1614 Lym.)

834 1663 892 1694 To
918 1673 941 1695 a
970 1663 1305 1703 procrastinator.

269 1749 397 1796 Cras
424 1756 472 1794 te
501 1748 770 1803 victurum,
802 1764 914 1795 cras
943 1748 1088 1807 dicis,
1120 1750 1379 1807 Postume,
1410 1765 1627 1812 semper.

338 1829 434 1876 Dic
464 1829 603 1887 mihi,
634 1846 747 1877 cras·
775 1830 927 1882 istud,
960 1833 1219 1885 Postume,
1250 1831 1459 1892 quando
1486 1832 1662 1880 venit?
1822 1852 1879 1880 10

268 1911 435 1971 Quam
466 1912 619 1974 longe
649 1928 762 1959 cras
790 1912 943 1969 istud,
973 1912 1059 1959 ubi
1087 1920 1179 1969 est,
1210 1920 1296 1959 aut
1323 1913 1460 1959 unde
1487 1914 1769 1974 petendum
1795 1916 1811 1962 ?

338 1993 604 2054 Numquid
633 1994 771 2056 apud
804 1995 1023 2041 Parthos
1051 1993 1430 2054 Armeniosque
1458 1995 1618 2042 latet?

271 2077 380 2122 Iam
409 2092 521 2122 cras
550 2075 688 2123 istud
715 2076 873 2123 habet
903 2076 1090 2122 Priami
1117 2076 1197 2123 vel
1228 2076 1463 2123 Nestoris
1492 2094 1671 2125 annos.

338 2159 467 2205 Cras
496 2157 634 2204 istud
663 2158 856 2219 quanti,
887 2158 968 2205 dic
997 2158 1135 2216 mihi,
1166 2158 1331 2220 possit
1358 2158 1497 2206 emi?

270 2240 398 2287 Cras
420 2239 562 2286 vives
586 2242 601 2286 ?
656 2239 830 2287 Hodie
859 2239 959 2286 iam
987 2240 1172 2298 vivere,
1200 2241 1459 2299 Postume,
1485 2257 1654 2288 serum
1683 2249 1760 2289 est
1786 2261 1793 2289 :
1824 2259 1876 2305 15

407 2320 499 2367 Ille
529 2320 679 2382 sapit,
710 2321 959 2383 quisquis,
990 2323 1251 2380 Postume,
1280 2321 1406 2369 vixit
1431 2322 1555 2370 heri.

345 2639 374 2661 1.
406 2627 518 2672 Quae
545 2655 551 2661 .
582 2655 589 2662 .
619 2656 626 2662 .
649 2631 1026 2675 praessiscrz's:
1170 2641 1225 2663 11.
1257 2630 1329 2675 Qu
1347 2642 1422 2664 am
1453 2631 1625 2677 longe:
1674 2630 1783 2665 ‘how
1822 2630 1881 2665 far

265 2692 273 2709 ‘
295 2690 396 2725 what
418 2691 581 2726 services
602 2703 678 2735 you
700 2692 796 2726 have
817 2693 1027 2727 rendered.⁷
1118 2703 1224 2736 away
1240 2692 1272 2726 ?⁷

341 2752 373 2787 S.
402 2754 581 2788 Pereunt
596 2765 607 2787 .·
638 2758 644 2772 ‘
663 2754 752 2798 they
768 2767 831 2789 are
845 2755 1030 2790 rendered
1172 2767 1226 2789 12.
1255 2756 1477 2802 Numquid
1495 2775 1536 2786 z
1560 2769 1671 2791 num.

266 2814 479 2849 valueless)
1172 2830 1226 2863 14.
1261 2820 1440 2863 Quanti:
1472 2821 1644 2864 genitive
1663 2820 1703 2854 of
1723 2821 1839 2866 price.

341 2888 374 2923 9.
406 2878 532 2913 Cras:
563 2880 833 2914 ‘to-mox·row.⁷
1172 2882 1225 2916 113.
1256 2882 1386 2917 lieri:
1416 2882 1667 2929 ‘yesterday.'
