2085 3294
575 219 879 285 lsplgrams
918 221 983 285 os
1011 219 1264 269 Martial.
1644 234 1669 283 3
1680 233 1708 283 7

323 436 440 481 Hoc
467 434 588 479 mihi
618 442 735 480 sunt
763 443 978 491 vestrae,
1010 434 1256 493 Castrice,
1285 434 1506 482 divitiae.

251 516 528 574 Quondam
557 516 791 562 laudatas
820 532 1126 576 quocunque
1155 515 1349 562 libebat
1377 516 1441 562 ad
1469 516 1634 562 undas

319 600 535 644 Currere
563 613 657 643 nec
684 597 863 659 longas
890 596 1215 658 pertimuisse
1241 596 1365 655 vias,

252 681 402 724 Nunc
430 677 570 724 urbis
598 677 766 724 vicina
794 677 971 724 iuvant
997 677 1280 738 facilesque
1308 693 1557 735 recessus,

319 761 380 806 Et
408 759 533 807 satis
561 767 653 817 est,
682 759 826 822 pigro
855 759 895 806 si
924 759 1043 807 licet
1071 775 1185 806 esse
1213 758 1351 806 mihi.
1685 774 1708 822 5

655 1007 734 1057 60.
813 1010 924 1073 (VI.
966 1007 1171 1072 XLVIII.)

510 1133 622 1172 ‘Thy
649 1132 834 1172 supper's
861 1133 1064 1176 eloquent,
1094 1136 1163 1163 not
1188 1132 1316 1164 thou.’

182 1232 337 1292 Quod
364 1241 468 1280 tarn
494 1233 690 1295 grande
720 1232 912 1294 sophos
939 1232 1129 1279 clamat
1154 1231 1246 1278 tibi
1274 1232 1424 1278 turba
1450 1239 1641 1294 togata,

251 1317 367 1360 Non
397 1322 465 1372 tu,
496 1313 762 1375 Pomponi,
792 1329 921 1359 cena
947 1312 1139 1359 diserta
1165 1320 1252 1359 tua
1279 1320 1371 1359 est.

703 1560 776 1608 61.
855 1564 968 1625 (VI.
1010 1560 1121 1623 Lu.)

115 1686 175 1717 On
202 1686 270 1717 the
296 1686 417 1717 death
443 1685 484 1717 of
510 1695 532 1717 a
557 1685 690 1716 elever
711 1694 850 1725 young
875 1684 1028 1722 barber,
1049 1694 1072 1715 a
1098 1684 1212 1716 slave
1238 1684 1385 1716 named
1412 1684 1711 1725 Pantagathus.

253 1784 370 1828 Hoc
399 1782 531 1829 iacet
559 1781 609 1827 in
638 1782 833 1828 tumulo
861 1789 1037 1843 raptus
1064 1781 1348 1843 puerilibus
1377 1782 1525 1827 annis

320 1863 689 1925 Pantagathus,
720 1862 913 1910 domini
941 1878 1062 1909 cura
1089 1862 1336 1923 dolorque
1364 1862 1456 1920 sui,

249 1945 347 1990 Vix
372 1953 616 2007 tangente
643 1961 803 2007 vagos
829 1945 963 1991 ferro
989 1960 1221 1991 resecare
1249 1943 1462 2005 capillos
1655 1962 1711 1989 io

321 2028 518 2073 Doctus
546 2034 595 2072 et
622 2026 846 2073 hirsutas
873 2025 1159 2072 excoluisse
1185 2040 1360 2087 genas.

253 2107 332 2154 Sis
359 2107 492 2165 licet,
521 2114 576 2154 ut
603 2107 777 2165 debes,
806 2107 973 2165 tellus,
1002 2106 1205 2167 placata
1232 2105 1476 2166 levisque,

319 2188 543 2234 Artificis
571 2187 729 2235 levior
756 2204 857 2234 non
886 2194 1033 2249 potes
1061 2202 1173 2233 esse
1201 2202 1370 2233 manu.

166 2525 197 2548 2.
230 2514 442 2559 Quondam
473 2542 479 2548 .
513 2543 519 2550 .
553 2542 559 2548 .
588 2514 721 2549 liheh
736 2519 810 2548 at:
832 2515 871 2548 ‘I
1034 2514 1066 2546 6.
1105 2513 1243 2547 Turba
1274 2518 1406 2559 togam
1421 2526 1432 2547 .·
1471 2514 1562 2556 ‘thy
1585 2512 1710 2547 crowd

116 2574 208 2609 used
229 2580 270 2608 to
291 2574 390 2608 like.5
959 2574 1000 2609 of
1019 2574 1179 2609 clients.'

163 2649 198 2682 4.
222 2637 404 2672 Faciles:
433 2636 574 2680 ‘easily
595 2637 822 2672 accessible.’
1012 2648 1066 2673 11.
1097 2637 1271 2671 Doctus:
1303 2636 1490 2672 ‘skilleds

167 2710 196 2747 5.
226 2701 389 2747 Pigro
418 2727 425 2734 .
454 2727 462 2734 .
492 2727 500 2734 .
528 2700 675 2734 milti.-
713 2699 764 2732 ‘if
802 2700 870 2733 l’m
1011 2712 1062 2734 11.
1093 2700 1290 2734 Hirszttas
1317 2727 1324 2734 .
1354 2727 1363 2735 .
1391 2727 1399 2735 .
1421 2713 1612 2747 genas:
1646 2704 1709 2735 ‘to

117 2762 276 2797 allowed
296 2767 337 2797 to
358 2762 401 2797 be
421 2762 534 2807 lazy.’
956 2764 1047 2797 trim
1066 2763 1131 2797 the
1150 2762 1266 2797 beard
1286 2775 1335 2797 on
1356 2763 1464 2807 hairy
1485 2763 1644 2798 cheeks.⁷

165 2825 196 2858 6.
228 2825 370 2871 Sophos
387 2836 398 2859 .·
428 2826 568 2869 σοφώς;
596 2825 757 2859 ‘bravo'
1010 2836 1062 2859 12.
1092 2825 1293 2860 Placata:
1323 2825 1494 2871 ‘gentle'
