2042 3191
294 229 362 277 68
737 228 1044 295 Engrmms
1083 229 1150 294 (ff
1179 228 1440 278 Martial.

818 442 921 490 116.

1003 444 1150 506 (XII.
1194 443 1371 505 xviii.)

791 567 983 607 “Oppidi
1009 567 1152 599 laudat
1179 576 1270 598 rura
1296 567 1402 598 sui.''

565 669 703 715 Dum
730 674 785 714 tu
812 665 1032 714 forsitan
1061 665 1325 728 inquietus
1352 683 1491 715 erras

563 749 822 804 Clamosa,
856 747 1134 804 Iuvenalis,
1164 747 1215 794 in
1246 749 1461 807 Subura,

562 833 667 878 Aut
693 830 877 878 collem
906 829 1149 877 dominae
1176 830 1300 878 teris
1329 831 1560 891 Dianae;

567 913 704 959 Dum
731 928 821 974 per
850 911 1027 958 limina
1054 919 1103 959 te
1131 913 1480 975 potentiorum

564 993 804 1042 Sudatrix
830 1001 952 1056 toga
977 993 1196 1041 ventilat
1222 1011 1513 1058 vagumque
1871 1012 1896 1060 5

564 1075 733 1123 Maior
760 1075 970 1124 Caelius
999 1083 1050 1123 et
1077 1075 1244 1123 minor
1269 1076 1518 1140 fatigant:

563 1159 651 1205 Me
680 1158 870 1205 multos
897 1157 1118 1220 repetita
1144 1166 1264 1220 post
1293 1159 1612 1207 Decembres

562 1240 781 1302 Accepit
808 1256 924 1286 mea
950 1239 1303 1302 rusticumque
1329 1241 1454 1288 fecit

562 1324 704 1369 Auro
734 1321 932 1369 Bilbilis
955 1330 1006 1369 et
1033 1322 1257 1384 superba
1282 1323 1431 1370 ferro.

564 1403 667 1451 Hic
695 1403 827 1467 pigri
856 1403 1073 1451 colimus
1101 1404 1276 1451 labore
1304 1404 1442 1452 dulci
1840 1425 1898 1454 10

564 1486 842 1533 Boterdum
873 1486 1209 1548 Plateamque
1227 1515 1294 1520 —
1313 1488 1589 1536 Celtiberis

565 1569 715 1615 Haec
741 1576 861 1615 sunt
887 1568 1099 1615 nomina
1126 1568 1380 1616 crassiora
1406 1570 1554 1618 terris
1576 1598 1637 1603 —
1662 1590 1670 1618 :

565 1649 772 1712 Ingenti
798 1650 940 1697 fruor
967 1649 1310 1713 improboque
1338 1667 1534 1709 somno,

562 1728 731 1787 Quem
759 1744 855 1775 nec
883 1728 1034 1776 tertia
1061 1745 1218 1791 saepe
1246 1729 1435 1792 rumpit
1462 1730 1602 1787 hora,

564 1811 626 1856 Et
653 1817 819 1856 totum
848 1809 972 1856 mihi
1001 1827 1139 1857 nunc
1167 1826 1377 1873 repono,
1408 1811 1661 1874 quidquid
1841 1828 1893 1876 15

562 1892 664 1938 Ter
691 1892 855 1939 denos
881 1892 1216 1955 vigilaveram
1242 1909 1334 1955 per
1360 1910 1539 1941 annos.

564 1975 751 2036 Ignota
778 1981 856 2021 est
882 1981 1017 2037 toga,
1048 1974 1141 2021 sed
1168 1974 1317 2021 datur
1344 1974 1542 2036 petenti

564 2056 740 2117 Rupta
766 2055 999 2117 proxima
1025 2055 1185 2103 vestis
1213 2071 1243 2102 a
1269 2056 1533 2103 cathedra.

364 2298 398 2321 2.
425 2287 656 2322 luvenalis:
687 2287 717 2321 it
750 2287 782 2321 is
810 2291 878 2321 not
908 2286 1050 2322 known

292 2349 459 2384 whether
478 2349 558 2384 this
578 2350 611 2384 is
630 2349 695 2385 the
714 2354 820 2395 great
841 2354 944 2396 poet.

366 2424 398 2460 3.
429 2413 569 2448 Collcm
600 2441 607 2448 .

294 2477 497 2512 Aventine.

368 2550 398 2586 5.
426 2539 629 2574 Sudatrix
647 2552 658 2573 .·

292 2615 367 2647 you
388 2604 530 2637 sweat.’

368 2675 400 2712 5.
439 2665 640 2700 Ventilaf:
671 2664 805 2698 ‘fans’

366 2729 399 2762 8.
427 2728 551 2762 Alea:
589 2732 771 2762 construe
802 2728 895 2762 with
932 2729 1052 2763 Bilbi-

637 2441 644 2448 .
674 2441 681 2448 .
708 2413 944 2448 Dianae:
986 2413 1051 2448 the

713 2540 721 2558 ‘
742 2538 866 2574 which
919 2538 1051 2574 makes

291 2792 367 2828 lis,-
396 2792 483 2835 ‘my
505 2790 656 2825 native.’

346 2865 399 2889 12.
431 2854 663 2889 Crassiora:
693 2853 914 2889 ‘uncouthf

1193 2298 1205 2321 1
1216 2297 1249 2333 3.
1278 2287 1456 2334 Improba
1473 2300 1485 2321 .·

1140 2348 1254 2395 long)

1539 2288 1546 2305 ⁶
1568 2287 1897 2332 unconscionably

1192 2424 1245 2458 14.
1274 2412 1384 2447 Nec:
1406 2428 1438 2440 z
1458 2425 1506 2447 ne
1533 2440 1541 2447 .
1572 2440 1579 2447 .
1608 2440 1616 2447 .
1644 2414 1814 2460 quidem.

1192 2486 1245 2523 13-
1273 2475 1457 2522 Repono:
1488 2476 1529 2510 ‘I
1550 2486 1613 2510 am
1634 2475 1793 2522 making
1821 2478 1897 2522 up.⁷

1193 2549 1247 2583 17.
1283 2539 1445 2585 Toga:
1507 2538 1572 2574 the
1623 2539 1898 2575 conventional

1138 2601 1249 2637 toilet
1270 2602 1310 2635 of
1333 2601 1398 2636 the
1418 2601 1508 2646 city.

1193 2666 1246 2700 18.
1274 2665 1453 2712 Rupta
1488 2692 1495 2699 .
1530 2692 1536 2699 .
1570 2692 1578 2699 .
1610 2666 1894 2701 cathedra:

1139 2728 1264 2762 ‘from
1284 2740 1307 2762 a
1325 2727 1469 2762 broken
1489 2727 1623 2765 chair.'
