2085 3294
631 235 687 284 E
680 235 846 300 pegra
853 252 934 284 ms
973 235 1039 299 of
1068 235 1171 284 spla
1179 243 1229 283 rt
1236 235 1288 284 εἰν
1295 235 1328 284 l.
1717 239 1751 286 6
1758 251 1783 300 3

328 452 436 496 Iam
465 452 660 507 scrobe,
692 450 790 496 iam
819 450 967 505 lecto,
997 452 1095 496 iam
1118 451 1422 512 pollinctore
1450 460 1630 512 parato

396 532 655 579 Heredem
684 531 887 593 scripsit
915 548 994 578 me
1024 534 1224 579 Numa:
1264 532 1540 580 convaluit.

786 664 891 712 108.

972 668 1087 730 (XI.
1129 665 1198 729 v.)

630 768 769 800 Praise
795 768 835 799 of
859 768 928 799 the
955 768 1150 808 Emperor
1176 768 1338 810 Trajan.

259 847 428 892 Tanta
455 845 546 892 tibi
574 853 651 892 est
678 845 802 891 recti
830 845 1130 904 reverentia,
1162 848 1368 906 Caesar,
1398 855 1448 894 et
1476 848 1640 910 aequi,

327 923 535 982 Quanta
563 925 763 968 Numae
789 923 985 969 fuerat:
1025 923 1118 970 sed
1148 926 1319 970 Numa
1345 941 1541 987 pauper
1567 935 1690 973 erat.

259 1004 436 1050 Ardua
462 1020 543 1050 res
570 1004 697 1050 haec
724 1012 816 1062 est,
845 1004 1032 1066 opibus
1058 1021 1160 1051 non
1190 1006 1391 1053 tradere
1418 1023 1585 1054 mores
1760 1024 1783 1070 5

328 1086 403 1143 Et,
433 1100 548 1130 cum
574 1091 649 1130 tot
677 1085 902 1131 Croesos
928 1085 1125 1143 viceris,
1156 1102 1269 1133 esse
1298 1089 1534 1133 Numam.

261 1165 311 1212 Si
339 1166 552 1212 redeant
577 1172 795 1223 veteres,
824 1165 1055 1228 ingentia
1081 1167 1303 1225 nomina,
1331 1175 1518 1229 patres,

329 1246 555 1310 Elysium
583 1246 735 1294 liceat
762 1246 803 1294 si
831 1263 1050 1294 vacuare
1079 1264 1259 1295 nemus
1283 1268 1291 1296 ε

257 1330 332 1375 Te
359 1328 494 1375 colet
520 1327 741 1375 invictus
767 1345 858 1391 pro
885 1328 1122 1376 libertate
1152 1330 1414 1389 Camillus,

325 1412 519 1456 Aurum
550 1410 830 1469 Fabricius,
859 1419 908 1457 te
935 1410 1208 1470 tribuente,
1237 1412 1402 1470 volet3
1729 1430 1786 1458 10

258 1493 332 1538 Te
360 1492 490 1538 duce
515 1492 763 1554 gaudebit
791 1494 991 1551 Brutus,
1021 1493 1113 1540 tibi
1144 1494 1283 1540 Sulla
1310 1508 1551 1541 cruentus

327 1573 603 1635 Imperium
630 1574 814 1632 tradet,
843 1590 957 1620 cum
984 1574 1246 1636 positurus
1274 1575 1365 1621 erit
1389 1595 1398 1633 3

260 1657 321 1702 Et
347 1663 396 1701 te
423 1655 624 1717 privato
651 1671 766 1701 cum
795 1657 1019 1702 Caesare
1050 1657 1274 1718 Magnus
1301 1656 1507 1713 amabit,

326 1736 555 1783 Donabit
581 1743 716 1783 totas
743 1744 793 1783 et
818 1736 912 1783 tibi
940 1738 1158 1784 Crassus
1186 1753 1324 1798 opeS.

259 1819 378 1878 Ipse
406 1833 610 1878 quoque
638 1816 853 1864 infernis
879 1826 1150 1864 revocatus
1179 1817 1314 1864 Ditis
1342 1817 1405 1863 ab
1434 1818 1627 1864 umbris
1728 1834 1780 1880 15

327 1898 375 1944 Si
406 1900 536 1945 Cato
564 1899 821 1955 reddatur,
854 1899 1198 1946 Caesarianus
1226 1898 1332 1945 erit.

264 2117 276 2139 1
288 2132 295 2139 .
324 2105 461 2139 Scrobe
474 2118 484 2139 :
507 2107 515 2123 ⁴
531 2104 596 2139 the
610 2104 768 2149 trench,’
786 2109 793 2123 ⁶
805 2106 942 2150 grave.’

265 2179 295 2204 ῐ.
323 2168 587 2202 Pollinctore:
625 2167 713 2201 ‘the
741 2168 917 2202 anointer
934 2169 942 2185 ’

187 2231 226 2265 of
245 2230 310 2265 the
329 2242 476 2275 corpse.

263 2303 293 2339 5.
330 2292 532 2327 Tradere:
563 2295 628 2327 ‘to
649 2292 873 2328 surrender.'

261 2366 293 2400 9.
331 2355 367 2390 T
365 2367 384 2390 e
412 2383 419 2389 .

188 2418 297 2453 stead
325 2418 364 2452 of
393 2418 553 2463 lil)erty‚'
573 2431 615 2453 or
634 2418 806 2465 possibly
826 2421 941 2454 invic-

450 2383 456 2390 .
486 2382 493 2389 .
520 2357 723 2390 libertate:
761 2356 870 2391 ‘thee
890 2357 942 2390 in-

188 2489 254 2518 tus
281 2489 356 2531 pro
391 2484 568 2518 libertate
612 2494 742 2518 means
779 2486 786 2501 ‘
803 2494 942 2517 uncon-

191 2547 331 2594 quered
352 2548 390 2581 in
412 2547 472 2581 his
492 2547 608 2592 fights
627 2547 686 2581 for
705 2546 898 2581 freedom.’

264 2625 296 2658 9.
328 2612 391 2647 Ca
406 2613 558 2646 millu
570 2624 588 2646 s
602 2625 612 2646 .·
658 2623 870 2657 conqueror
901 2611 941 2645 of

190 2678 256 2714 the
285 2677 405 2713 Gauls
437 2676 511 2712 and
541 2676 581 2711 of
606 2677 704 2712 Veii.

240 2753 293 2776 10.
323 2741 512 2775 Aurum:
553 2739 751 2774 Fabricius
789 2737 940 2772 refused

187 2804 252 2839 the
271 2803 394 2838 bribes
415 2803 454 2837 of
476 2802 645 2846 Pyrrhus
665 2800 741 2836 and
761 2801 826 2835 the
846 2799 940 2846 gifts

188 2866 228 2903 of
246 2865 311 2901 the
330 2865 536 2901 Samnites.

1084 2117 1140 2152 13.
1167 2106 1335 2140 Privato
1368 2117 1457 2140 cum
1492 2106 1684 2140 Caesare:
1720 2108 1784 2141 ‘to

1030 2168 1162 2213 gether
1181 2168 1275 2202 with
1294 2167 1422 2211 Julius
1442 2168 1585 2203 Caesar
1605 2169 1644 2202 in
1664 2181 1687 2203 a
1713 2169 1787 2215 pri-

1028 2235 1114 2266 vate
1134 2231 1305 2266 station)

1080 2305 1134 2340 13.
1162 2294 1371 2340 sllagnns:
1402 2305 1452 2328 sc.
1472 2294 1695 2341 Pompeius.

1082 2368 1135 2401 14.
1166 2356 1360 2391 Crassus:
1390 2357 1456 2392 the
1471 2357 1611 2392 richest
1632 2358 1784 2392 Roman

1028 2419 1067 2453 of
1087 2419 1146 2454 his
1165 2420 1271 2454 time.
1301 2462 1305 2467 ¹

1081 2483 1134 2517 16.
1165 2482 1258 2517 Cato
1275 2496 1287 2518 .·
1341 2494 1391 2518 sc.
1446 2484 1653 2528 Uticensis,
1699 2483 1784 2517 who

1028 2544 1146 2579 killed
1160 2545 1316 2581 himself
1335 2546 1433 2582 after
1449 2547 1624 2583 Caesar's
1635 2547 1783 2590 victory

1028 2610 1064 2643 in
1087 2610 1151 2645 the
1172 2609 1273 2644 Civil
1295 2611 1399 2645 XVar.

1081 2675 1133 2708 16.
1166 2674 1464 2709 Caesarianus:
1494 2674 1566 2718 i.e.,
1597 2685 1645 2708 an
1675 2672 1784 2708 adhe-

1027 2741 1110 2772 rent
1131 2736 1171 2771 of
1192 2736 1351 2782 Trajan.
