2085 3294
382 165 418 213 4
841 148 1147 215 Engmms
1183 148 1249 213 of
1277 146 1535 198 splartz'al.

1026 574 1071 624 5.
1147 574 1211 640 (Ι.
1253 575 1361 639 xv.)

407 724 464 755 To
490 724 554 756 his
580 725 646 756 old
672 724 804 756 friend
828 724 959 765 Julius
987 724 1206 763 Martialis,
1235 735 1258 756 a
1283 734 1380 764 very
1405 724 1489 755 rich
1516 733 1625 760 man,
1651 723 1799 764 urging
1823 722 1908 754 him
1933 725 1975 754 to

737 781 857 821 enjoy
883 780 953 812 life
978 780 1115 812 before
1140 781 1171 812 it
1197 780 1344 812 should
1370 780 1418 812 be
1443 784 1512 812 too
1538 780 1633 811 late.

523 907 568 954 O
596 906 719 953 mihi
748 914 865 969 post
892 906 1074 966 nullos,
1106 906 1220 965 Iuli,
1253 906 1586 953 memorande
1615 906 1836 965 sodales,

593 988 644 1035 Si
672 988 796 1051 quid
823 988 977 1051 longa
1004 989 1135 1036 fides
1168 1005 1405 1051 canaque
1434 989 1544 1035 iura
1569 989 1759 1046 valent,

526 1069 612 1117 Bis
640 1070 741 1116 iam
768 1086 934 1132 paene
962 1069 1055 1117 tibi
1085 1071 1267 1118 consul
1298 1070 1590 1118 tricesimus
1618 1069 1791 1128 instat,

594 1154 657 1199 Et
683 1160 918 1199 numerat
943 1168 1139 1215 paucos
1167 1153 1250 1199 vix
1278 1161 1367 1200 tua
1395 1152 1501 1200 vita
1530 1152 1655 1200 dies.

525 1236 643 1281 Non
670 1234 803 1281 bene
827 1234 1089 1282 distuleris
1116 1235 1298 1283 videas
1321 1250 1453 1298 quae
1481 1250 1636 1298 posse
1664 1233 1856 1297 negari,
1966 1249 1990 1297 5

593 1318 655 1363 Et
682 1316 847 1363 solum
874 1316 973 1363 hoc
1000 1316 1175 1375 ducas,
1207 1318 1347 1379 quod
1374 1317 1484 1375 fuit,
1518 1332 1632 1364 csse
1660 1325 1819 1364 tuum.

526 1401 813 1460 Expectant
840 1415 1097 1461 curaeque
1125 1398 1454 1462 catenatique
1484 1399 1708 1459 labores,

590 1480 795 1528 Gaudia
823 1497 927 1527 non
955 1490 1238 1540 remanent,
1270 1481 1362 1528 sed
1389 1480 1607 1544 fugitiva
1634 1484 1825 1529 volant.

526 1563 675 1609 Haec
703 1570 920 1625 utraque
950 1579 1106 1610 manu
1134 1564 1510 1626 complexuque
1540 1579 1713 1611 assere
1740 1572 1881 1611 toto:

593 1645 759 1706 Saepe
787 1644 953 1691 fluunt
981 1645 1082 1692 imo
1111 1645 1185 1692 sic
1213 1660 1420 1707 quoque
1450 1645 1595 1707 lapsa
1623 1645 1754 1693 sinu.
1942 1664 2000 1692 10

525 1727 643 1772 Non
671 1734 762 1781 est,
794 1726 944 1772 crede
974 1727 1113 1785 mihi,
1144 1726 1394 1789 sapientis
1422 1727 1592 1774 dicere
1623 1731 1650 1751 “
1672 1728 1882 1775 Vivam:
1906 1727 1930 1741 ”

592 1808 716 1854 Sera
744 1807 896 1856 nimis
925 1808 1030 1856 vita
1057 1817 1135 1856 est
1162 1809 1416 1856 crastina:
1457 1809 1571 1856 vive
1598 1809 1769 1858 hodie.

443 2244 472 2266 1.
501 2233 616 2267 Posl:
648 2234 813 2269 ‘second
833 2236 897 2270 to.9
1314 2237 1347 2270 6.
1376 2235 1545 2270 Ducas:
1591 2237 1689 2280 ‘you
1729 2235 1871 2270 should
1915 2247 2001 2271 con-

437 2307 470 2330 2.
506 2296 699 2344 Canaque
728 2299 850 2332 iura:
881 2298 983 2333 ‘and
1013 2298 1153 2333 friend·
1240 2297 1366 2333 sider.⁷

391 2358 511 2405 ship’s
530 2358 666 2395 claims
686 2371 818 2406 grown
839 2373 932 2407 gray
948 2362 1042 2396 with
1058 2363 1151 2407 age.'
1317 2371 1347 2405 7.
1379 2361 1592 2396 Cata-nali:
1633 2362 1911 2407 ‘unceasing3'
1946 2361 2001 2396 lit.

392 2421 651 2468 Stephenson.
1240 2428 1248 2444 ‘
1266 2424 1398 2460 linked
1417 2425 1618 2470 together.⁷

438 2496 471 2531 3.
499 2485 571 2519 Bis
599 2513 606 2520 .
636 2513 643 2520 .
673 2513 680 2520 .
709 2514 716 2521 .
744 2488 969 2522 tricesimus
989 2500 1001 2523 :
1064 2488 1156 2523 ‘the
1318 2500 1352 2533 9.
1380 2488 1492 2522 Haec
1519 2515 1527 2522 .
1556 2515 1564 2522 .
1595 2515 1602 2522 .
1629 2492 1724 2522 folo:
1745 2489 1754 2506 ⁴
1771 2488 1873 2523 seize
1895 2487 2001 2522 them

390 2549 499 2583 twice
533 2549 713 2584 thirtieth
757 2550 918 2597 consul‚'
956 2552 1027 2597 i.e.‚
1057 2564 1154 2596 your
1241 2550 1335 2585 with
1371 2550 1466 2585 both
1503 2550 1629 2585 hands
1665 2549 1742 2586 and
1775 2551 1869 2585 with
1905 2562 2003 2595 your

390 2612 551 2646 sixtieth
571 2624 672 2657 year.
1242 2618 1437 2660 strongest
1455 2615 1593 2660 grasp.'

439 2686 472 2719 4.
502 2675 626 2710 Dies:
656 2676 726 2720 i.e.‚
746 2676 842 2721 days
861 2681 902 2711 to
923 2689 1043 2712 come.
1295 2688 1348 2712 10.
1377 2677 1460 2711 lma
1489 2703 1497 2711 .
1528 2705 1536 2714 .
1569 2704 1577 2711 .
1605 2679 1720 2712 sinu:
1767 2676 1894 2712 ‘from
1936 2677 2003 2713 the

443 2748 473 2783 5.
502 2738 597 2772 Αἴθη
636 2738 729 2773 bene
763 2739 970 2774 distuleris
989 2751 1001 2774 .·
1048 2742 1055 2758 ‘
1076 2751 1152 2784 you
1242 2738 1382 2786 depths
1401 2739 1441 2775 of
1467 2741 1572 2775 one's
1593 2739 1756 2786 pocket!

391 2799 441 2834 do
461 2811 594 2845 wrong
614 2800 652 2833 in
673 2801 833 2847 putting
851 2800 930 2837 off.'
1290 2814 1347 2840 12.
1381 2803 1598 2838 Crastina:
1627 2806 1635 2822 ‘
1651 2803 1929 2839 to—morrow's.'
