2085 3294
558 253 860 318 Engrams
899 254 964 317 (gf
995 253 1069 301 M
1063 253 1241 301 arlial
1241 294 1249 302 .
1636 269 1689 318 51

635 630 712 680 87.
790 635 963 697 (VIII.
1006 631 1171 695 LXIX.)

277 776 334 809 To
360 787 383 809 a
407 777 520 808 critic
545 777 640 808 who
667 777 848 808 admired
876 786 926 808 no
953 776 1120 808 authors
1146 776 1216 807 but
1240 776 1309 807 the
1334 777 1528 808 ancients

449 890 652 938 Miraris
678 898 894 948 veteres,
923 892 1161 948 Vacerra,
1192 891 1342 947 solos,

447 974 556 1018 Nec
584 972 764 1018 laudas
791 971 889 1018 nisi
917 979 1144 1018 mortuos
1170 980 1364 1033 poetas

449 1055 698 1115 Ignoscas
724 1053 960 1115 petimus,
990 1054 1242 1098 Vacerra:
1282 1051 1411 1098 tanti

446 1136 565 1181 Non
592 1142 685 1192 est,
715 1142 769 1180 ut
795 1134 1028 1195 placeam
1056 1133 1163 1191 tibi,
1193 1132 1370 1194 perire.

614 1458 694 1508 88.
772 1461 946 1523 (VIII.
990 1462 1193 1519 LXXVI.)

196 1597 253 1629 To
283 1607 305 1629 a
332 1596 461 1628 friend
487 1597 581 1628 who
614 1596 769 1637 begged
797 1596 858 1627 for
884 1605 907 1627 a
934 1595 1050 1627 frank
1079 1595 1272 1626 criticism
1300 1594 1340 1625 of
1365 1594 1428 1625 his
1457 1594 1621 1633 literary

767 1650 1060 1690 performance.

385 1769 411 1789 ‘⁶
435 1766 532 1812 Dic
558 1781 734 1812 verum
763 1763 900 1821 mihi,
934 1765 1125 1821 Marce,
1156 1762 1237 1809 dic
1265 1762 1480 1813 amabo;
1680 1777 1702 1823 5

383 1847 467 1893 Nil
495 1854 586 1900 est,
618 1845 755 1907 quod
782 1844 945 1907 magis
973 1844 1178 1890 audiam
1206 1843 1471 1890 libenter.’'

385 1927 468 1975 Sic
494 1935 544 1974 et
570 1943 685 1973 cum
712 1926 898 1972 recitas
926 1934 1041 1972 tuos
1068 1925 1282 1982 libellos,

384 2010 446 2056 Et
472 2023 678 2055 causam
708 2007 949 2068 quotiens
981 2006 1089 2069 agis
1118 2005 1332 2063 clientis,

383 2089 529 2146 Oras,
560 2088 775 2146 Gallice,
807 2104 887 2134 me
915 2102 1169 2150 rogasque
1197 2101 1410 2147 semper.

386 2172 581 2216 Durum
610 2177 687 2216 est
714 2184 793 2215 me
821 2168 929 2225 tibi,
960 2168 1098 2229 quod
1125 2166 1273 2228 petis,
1302 2181 1506 2227 negare.
1654 2183 1710 2211 10

384 2253 521 2298 Vero
547 2250 716 2297 verius
744 2266 863 2311 ergo
892 2249 1013 2309 quid
1041 2248 1119 2305 sit,
1149 2247 1297 2294 audi:

385 2333 592 2389 Verum,
622 2328 836 2388 Gallice,
866 2345 968 2376 non
996 2329 1212 2375 libenter
1239 2327 1400 2374 audis.

168 2750 201 2785 3.
228 2738 414 2784 Ignoscas
458 2737 655 2784 petimus:
710 2736 750 2770 6Ι
804 2735 875 2780 beg
1010 2745 1042 2780 3.
1081 2733 1206 2767 Tanti
1250 2745 1326 2766 mm
1371 2737 1445 2766 cst:
1484 2732 1540 2766 ‘it
1578 2732 1611 2765 is
1645 2736 1711 2766 not

118 2812 215 2847 your
234 2798 406 2846 pardon.⁷
961 2796 1083 2831 worth
1104 2807 1165 2840 my
1185 2795 1320 2830 while.⁷

1011 2868 1044 2906 5.
1072 2857 1247 2893 Amabo:
1276 2855 1452 2903 ‘pkzasess
1478 2855 1630 2902 ‘1beg.’
