2085 3294
616 189 790 238 Index
826 188 891 251 of
918 186 1067 236 Fz'rst
1106 185 1287 235 Lines.
1661 182 1753 232 xiii

159 371 238 403 Nec
255 370 397 403 doctum
415 370 500 402 satis
516 375 550 401 et
567 379 693 409 parum
710 379 884 407 severum,
904 379 938 399 x.
961 379 997 407 19
1022 388 1423 398 ........
1509 366 1694 404 [ἰριζξναιιι
1717 378 1757 405 99

160 427 244 459 Non
260 437 340 458 amo
358 432 404 465 te,
425 425 557 464 Sabidi,
577 435 641 456 nec
659 434 803 464 possum
821 423 935 456 dicere
954 433 1072 463 quare,
1091 423 1111 453 i.
1133 434 1171 461 32
1192 444 1650 453 .........
1741 434 1757 461 7

159 483 236 515 Nos
252 482 407 515 bibimus
425 481 529 520 vitro,
547 486 585 512 tu
601 490 728 519 murra,
749 479 905 511 Pontice.
956 478 1097 516 Quare?
1125 479 1174 510 iv.
1191 480 1230 519 85
1249 500 1652 509 ........
1718 480 1758 515 46

159 540 352 579 Nunquam
371 537 513 570 divitias
530 537 616 568 deos
633 536 765 577 rogavi,
783 536 830 567 iv.
850 547 888 575 77
906 560 912 566 .
963 561 969 566 .
1021 557 1028 564 .
1076 560 1082 565 .
1133 560 1138 565 .
1191 557 1198 564 .
1246 560 1252 565 .
1305 556 1311 563 .
1359 559 1365 564 .
1416 557 1423 564 .
1472 559 1477 564 .
1529 559 1533 564 .
1587 556 1593 562 .
1644 556 1650 562 .
1717 544 1757 571 44

160 595 350 635 Nunquam
368 604 405 625 se
423 603 567 626 cenasse
586 592 682 624 domi
703 591 806 623 Philo
823 592 912 623 iurat
933 596 968 623 et
985 590 1050 622 hoc
1068 596 1134 628 est,
1153 601 1189 621 v.
1206 601 1245 629 47
1305 612 1312 619 .
1361 615 1366 620 .
1418 612 1425 618 .
1473 612 1481 619 .
1530 615 1534 618 ⁴
1588 611 1594 617 .
1644 615 1648 619 .
1721 599 1757 628 52

160 652 287 693 Nuper
302 656 376 683 erat
395 650 564 689 medicus,
583 660 676 681 nunc
694 654 746 681 est
765 647 905 689 vispillo
923 647 1086 686 Diaulus,
1105 647 1128 678 i.
1147 658 1186 686 47
1250 669 1258 677 .
1306 672 1311 677 .
1364 669 1371 675 .
1419 669 1426 676 .
1474 671 1481 677 .
1533 668 1538 674 .
1589 669 1594 674 .
1645 671 1650 676 .
1724 658 1734 676 1
1746 658 1756 676 1

159 739 319 772 Occurrit
337 738 399 770 tibi
417 748 521 769 nemo
539 736 633 777 quod
652 735 815 775 libenter,
833 735 881 767 iii.
901 746 941 774 44
967 756 1650 766 .............
1721 744 1760 771 30

161 794 252 834 Ohe‚
270 794 339 826 iam
356 793 442 825 satis
460 798 524 831 est,
544 791 623 831 ohe,
643 791 773 830 libelle,
791 791 840 823 iv.
858 793 898 831 89
967 811 1655 822 .............
1720 799 1759 827 47

160 847 191 879 O
208 846 291 878 mihi
308 852 389 887 post
408 845 535 884 nullos,
559 844 637 883 Iuli,
657 844 882 875 memorande
901 843 1053 883 sodales,
1072 843 1095 874 i.
1116 853 1151 883 15
1192 864 1654 874 .........
1743 851 1759 881 5

160 898 288 932 Omnia
304 897 491 939 promittis,
512 907 591 929 cum
610 902 683 928 tota
700 902 802 928 nocte
821 895 955 935 bibisti,
974 895 1031 927 xii.
1056 907 1089 927 12
1139 917 1651 925 ..........
1704 905 1714 923 1
1726 904 1760 933 ¹5

162 984 297 1017 Pallida
313 995 357 1016 ne
378 983 526 1017 Cilicum
545 983 691 1015 timeant
708 982 864 1023 pomaria
882 982 1055 1021 brumam,
1074 981 1145 1013 viii.
1170 993 1206 1020 14
1251 1004 1654 1012 ........
1723 993 1761 1020 77

160 1041 228 1073 Par
243 1040 360 1073 scelus
378 1039 518 1072 admisit
538 1039 674 1071 Phariis
692 1039 870 1070 Antonius
885 1039 1004 1077 armis,
1022 1038 1073 1070 iii.
1092 1040 1133 1069 66
1195 1060 1652 1068 .........
1722 1048 1760 1077 35

162 1096 255 1129 Petit
273 1095 455 1129 Gemellus
473 1095 612 1136 nuptias
632 1094 857 1134 Maronillae,
876 1094 900 1125 i.
921 1106 959 1126 10
1023 1116 1654 1126 ............
1743 1105 1759 1132 3

163 1154 315 1185 Pexatus
333 1151 479 1193 pulchre
497 1151 591 1183 rides
609 1162 698 1191 mea,
717 1150 827 1189 Zoile,
845 1151 938 1190 trita,
957 1151 993 1182 ii.
1012 1153 1050 1191 58
1077 1172 1650 1181 ...........
1721 1160 1758 1180 22

164 1209 281 1242 Prima
297 1208 494 1241 salutantes
511 1213 614 1247 atque
631 1206 742 1239 altera
759 1206 910 1238 conterit
928 1205 1025 1245 hora,
1043 1206 1091 1237 iv.
1109 1207 1127 1237 8
1197 1227 1653 1236 .........
1723 1217 1762 1244 37

164 1265 321 1298 Primum
338 1270 404 1304 est,
424 1269 461 1296 ut
478 1270 650 1304 praestes,
669 1263 698 1294 si
715 1262 798 1303 quid
815 1268 848 1294 te
869 1262 983 1294 Cinna
999 1261 1146 1302 rogabo,
1165 1261 1223 1293 vii.
1243 1272 1281 1301 43
1307 1283 1655 1292 .......
1725 1273 1760 1301 71

162 1352 510 1392 Quadringentorum
529 1350 646 1382 reddis
666 1349 762 1388 mihi,
784 1348 941 1386 Phoebe,
959 1349 1122 1388 tabellas,
1141 1349 1187 1381 ix.
1211 1361 1266 1381 102
1309 1371 1656 1380 .......
1723 1351 1764 1387 98

163 1408 262 1446 Quae
280 1407 363 1439 mihi
382 1406 597 1447 praestiteris
615 1405 759 1437 memini
777 1416 983 1445 semperque
1000 1405 1142 1444 tenebo,
1162 1416 1196 1436 v.
1217 1416 1253 1445 52
1308 1431 1313 1435 .
1366 1427 1373 1434 .
1422 1427 1429 1434 .
1478 1430 1483 1436 .
1536 1429 1542 1434 .
1593 1428 1599 1434 .
1647 1431 1652 1435 .
1725 1415 1760 1444 53

163 1464 262 1502 Quae
280 1470 312 1496 te
330 1473 436 1495 causa
454 1462 558 1494 trahit
575 1460 632 1493 vel
650 1472 737 1502 quae
755 1461 882 1493 fiducia
901 1462 1064 1501 Romam,
1083 1461 1129 1492 iii.
1151 1463 1191 1500 38
1252 1487 1257 1492 .
1310 1484 1317 1490 .
1366 1486 1371 1491 .
1422 1487 1428 1492 .
1480 1484 1487 1490 .
1535 1487 1541 1492 .
1595 1485 1600 1489 .
1651 1483 1656 1489 .
1725 1472 1764 1500 29

164 1521 243 1558 Qua
259 1520 375 1552 vicina
391 1518 481 1560 pluit
499 1518 667 1558 Vipsanis
684 1524 784 1558 porta
801 1517 985 1557 columnis,
1003 1517 1051 1548 iv.
1075 1519 1111 1549 18
1138 1539 1657 1548 ..........
1725 1528 1765 1554 4ο

163 1576 279 1613 Quem
295 1574 422 1607 recitas
440 1583 538 1605 meus
556 1579 620 1612 est,
640 1584 660 1604 o
682 1573 879 1612 Fidentine,
898 1572 1052 1612 libellus,
1070 1573 1091 1604 i.
1112 1574 1152 1612 38
1196 1595 1657 1603 .........
1745 1584 1765 1612 9

163 1631 317 1669 Quidam
334 1641 388 1662 me
406 1629 522 1668 modo,
545 1629 651 1667 Rufe,
672 1628 870 1669 diligenter,
888 1628 937 1659 vi.
954 1630 991 1660 82
1026 1651 1653 1659 ............
1724 1630 1765 1666 64

163 1686 394 1725 Quintiliane,
412 1695 521 1725 vagae
541 1685 742 1716 moderator
759 1694 895 1715 summe
913 1685 1090 1723 inventae,
1108 1684 1143 1715 ii.
1164 1695 1206 1724 9ο
1248 1707 1655 1717 ........
1726 1695 1766 1722 24

163 1743 234 1780 Qui
247 1748 364 1774 tecum
382 1742 482 1782 cupis
499 1752 576 1773 esse
595 1751 693 1772 meos
712 1741 921 1780 ubicumque
940 1739 1091 1779 libellos,
1109 1740 1130 1771 i.
1151 1751 1167 1771 2
1195 1762 1655 1771 .........
1752 1753 1762 1771 1

163 1798 269 1836 Quod
285 1804 355 1830 tam
371 1797 502 1838 grande
521 1796 653 1837 sophos
671 1796 797 1828 clamat
815 1796 878 1828 tibi
894 1795 997 1827 turba
1012 1800 1146 1836 togata,
1164 1795 1210 1827 vi.
1231 1797 1271 1834 48
1310 1817 1658 1827 .......
1726 1798 1767 1826 60

165 1887 298 1918 Rerum
314 1892 408 1918 certa
425 1884 532 1923 salus,
554 1890 725 1917 terrarum
743 1883 867 1924 gloria,
888 1883 1029 1922 Caesar,
1048 1882 1082 1914 ii.
1102 1894 1139 1923 91
1198 1905 1206 1912 .
1253 1905 1262 1913 .
1311 1908 1316 1913 .
1369 1906 1376 1912 .
1425 1909 1430 1914 .
1483 1905 1490 1913 .
1537 1909 1542 1914 .
1595 1905 1601 1912 .
1650 1909 1655 1913 .
1727 1893 1766 1922 25

165 1941 356 1983 Rumpitur
373 1941 504 1973 invidia
523 1940 677 1981 quidam,
694 1939 871 1972 carissime
892 1937 972 1978 Iuli,
989 1939 1035 1970 ix.
1055 1951 1095 1979 97
1142 1960 1660 1970 ..........
1727 1951 1767 1979 97

165 2031 312 2071 Semper
326 2030 401 2070 agis
420 2039 541 2061 causas
562 2034 596 2060 et
614 2038 669 2060 res
686 2027 772 2068 agis,
791 2027 924 2067 Attale,
942 2038 1094 2068 semper,
1111 2027 1135 2059 i.
1156 2039 1194 2067 79
1256 2050 1263 2056 .
1312 2053 1316 2057 .
1368 2052 1373 2058 .
1426 2050 1434 2058 .
1483 2050 1490 2058 .
1539 2053 1545 2058 .
1596 2053 1601 2058 .
1654 2050 1661 2056 .
1732 2038 1765 2058 12

165 2086 312 2126 Semper
327 2095 461 2125 pauper
478 2084 557 2123 eris,
578 2084 608 2115 si
626 2094 761 2124 pauper
778 2094 830 2123 es,
849 2083 1060 2123 Aemiliane,
1079 2094 1110 2114 v.
1131 2085 1167 2115 81
1199 2105 1655 2114 .........
1727 2095 1765 2123 57

166 2142 235 2174 Seu
251 2147 289 2173 tu
308 2141 490 2173 Paestanis
509 2140 627 2180 genita
645 2151 682 2172 es
701 2151 764 2172 seu
781 2139 925 2171 Tiburis
940 2139 1046 2178 arvis,
1065 2139 1113 2170 ix.
1130 2141 1171 2170 60
1199 2161 1657 2170 .........
1727 2150 1766 2179 95

167 2196 201 2227 Si
217 2194 330 2227 credis
348 2194 445 2233 mihi,
467 2194 612 2233 Quinte,
633 2194 728 2234 quod
745 2193 901 2232 mereris,
920 2193 966 2224 ix.
988 2204 1023 2233 52
1087 2215 1657 2224 ...........
1728 2205 1765 2233 93

167 2250 202 2282 Si
219 2250 379 2282 dederint
396 2250 515 2290 superi
535 2250 652 2282 decies
671 2249 754 2281 mihi
773 2249 868 2281 milia
885 2254 1038 2288 centum,
1055 2249 1080 2280 i.
1101 2261 1156 2288 103
1198 2271 1658 2280 .........
1733 2261 1767 2288 17

167 2306 273 2338 Silius
292 2306 378 2338 haec
396 2306 512 2346 magni
532 2305 687 2338 celebrat
704 2312 931 2338 monumenta
950 2306 1122 2345 Maronis,
1142 2307 1186 2338 xi.
1207 2308 1247 2344 48
1315 2328 1661 2337 .......
1712 2317 1765 2344 113

168 2362 204 2394 Si
221 2362 360 2402 quando
376 2362 533 2403 leporem
555 2363 663 2395 mittis
682 2362 778 2402 mihi,
798 2362 924 2401 Gellia,
943 2363 1042 2402 dicis,
1060 2375 1091 2395 v.
1113 2375 1152 2402 29
1200 2385 1660 2394 .........
1728 2373 1767 2401 49

169 2418 219 2450 Sit
235 2418 385 2450 cisterna
401 2418 497 2458 mihi,
517 2429 621 2459 quam
640 2419 752 2457 vinea,
771 2418 863 2451 malo
882 2420 1087 2458 Ravennae,
1107 2419 1154 2450 iii.
1177 2422 1215 2459 56
1257 2441 1658 2449 ........
1729 2429 1766 2457 32

170 2473 206 2506 Si
223 2474 411 2514 temperari
428 2474 594 2507 balneum
614 2475 714 2515 cupis
731 2475 884 2513 fervens,
903 2475 951 2506 iii.
970 2485 1008 2514 25
1032 2500 1038 2506 .
1088 2499 1094 2505 .
1145 2500 1151 2506 .
1204 2497 1212 2505 .
1259 2501 1264 2506 .
1316 2497 1323 2504 .
1373 2497 1380 2504 .
1430 2498 1437 2504 .
1485 2500 1490 2505 .
1541 2500 1547 2506 .
1600 2497 1606 2503 .
1654 2499 1658 2504 .
1729 2475 1768 2504 28

170 2529 206 2562 Si
223 2535 256 2562 te
273 2530 429 2570 sportula
446 2531 557 2562 maior
573 2531 617 2562 ad
636 2531 771 2569 beatos,
790 2530 864 2562 viii.
881 2542 918 2569 42
974 2553 1659 2562 .............
1728 2531 1766 2560 82

171 2586 360 2627 Spectabat
378 2586 484 2618 modo
502 2586 598 2618 solus
615 2587 704 2618 inter
720 2597 856 2625 omnes,
874 2586 922 2618 iv.
941 2599 957 2619 2
972 2613 977 2618 .
1029 2609 1036 2616 .
1087 2610 1094 2617 .
1141 2613 1146 2618 .
1198 2613 1203 2618 .
1255 2613 1260 2618 .
1314 2609 1320 2616 .
1369 2613 1374 2617 .
1427 2609 1434 2616 .
1486 2609 1493 2616 .
1542 2612 1547 2617 .
1600 2609 1606 2614 .
1655 2609 1661 2615 .
1730 2587 1770 2624 36

169 2675 286 2706 Tanta
302 2673 365 2706 tibi
383 2680 436 2705 est
454 2673 538 2705 recti
557 2673 764 2711 reverentia,
784 2674 924 2712 Caesar,
943 2680 976 2706 et
993 2675 1107 2714 aequi,
1127 2674 1170 2705 xi.
1194 2686 1209 2714 5
1258 2697 1660 2705 ........
1712 2674 1769 2704 108

170 2731 366 2762 Tonsorem
385 2739 544 2770 puerum,
563 2729 625 2760 sed
643 2735 716 2760 arte
735 2729 853 2768 talem,
873 2730 943 2761 viii.
966 2742 1001 2770 52
1030 2753 1659 2761 ............
1730 2731 1766 2768 83

172 2786 333 2827 Triginta
350 2791 425 2817 toto
443 2784 533 2817 mala
551 2791 630 2816 sunt
647 2784 898 2825 epigrammata
916 2785 1017 2825 libro,
1036 2786 1094 2817 vii.
1115 2788 1150 2818 81
1200 2807 1660 2817 .........
1731 2796 1767 2824 73
