2085 3294
271 239 344 302 64

726 237 783 287 E
775 236 1033 304 ngmms
1073 236 1140 303 of
1167 235 1426 287 splarlial.

813 420 921 470 109.
1001 423 1119 487 (ΧΙ.
1160 421 1336 484 XVIII.)

270 533 302 564 A
331 533 463 565 comic
491 533 646 565 lament
677 541 774 564 over
801 531 870 564 the
900 531 1021 564 small
1052 531 1136 563 size
1164 530 1206 563 of
1238 541 1262 563 a
1290 531 1394 563 farm
1420 531 1542 572 given
1568 535 1610 563 to
1640 531 1806 563 Martial
1831 531 1885 571 by

1006 587 1161 628 Lupus.

546 660 783 719 Donasti,
814 662 974 723 Lupe,
1004 676 1090 707 rus
1117 660 1213 707 sub
1242 660 1367 707 urbe
1395 659 1573 718 nobis;

545 743 647 790 Sed
675 759 759 790 rus
787 750 865 790 est
891 742 1017 789 mihi
1044 741 1209 789 maius
1238 741 1288 788 in
1315 743 1561 790 fenestra.

545 827 654 873 Rus
682 825 782 872 hoc
809 824 998 883 dicere,
1028 840 1113 872 rus
1140 832 1290 886 potes
1317 840 1506 872 vocare
1529 826 1546 872 ?

545 910 605 955 In
633 924 735 970 quo
764 914 877 954 ruta
903 906 1030 954 facit
1058 923 1239 954 nemus
1269 906 1486 966 Dianae,

544 992 772 1053 Argutae
800 989 929 1053 tegit
957 989 1038 1036 ala
1066 989 1207 1052 quod
1234 988 1462 1049 cicadae,

544 1072 701 1133 Quod
727 1071 945 1119 formica
973 1071 1056 1119 die
1085 1071 1311 1119 comedit
1338 1088 1455 1131 uno,

545 1155 733 1203 Clusae
762 1153 844 1202 cui
871 1153 1056 1201 folium
1085 1170 1234 1201 rosae
1263 1170 1454 1201 corona
1481 1162 1589 1212 est3

545 1239 606 1284 In
634 1253 736 1299 quo
764 1253 866 1283 non
896 1236 1061 1299 magis
1089 1235 1349 1283 invenitur
1376 1236 1550 1294 herba,

542 1321 713 1381 Quam
743 1319 920 1368 Cosmi
950 1320 1130 1367 folium
1158 1319 1370 1382 piperve
1398 1319 1612 1366 crudum
1636 1339 1646 1377 3

546 1406 606 1450 In
635 1419 737 1465 quo
764 1419 860 1450 nec
891 1402 1122 1450 cucumis
1150 1401 1318 1449 iacere
1345 1408 1531 1459 rectus,

544 1488 654 1533 Nec
681 1501 896 1548 serpens
924 1484 1158 1532 habitare
1186 1492 1294 1532 tota
1320 1483 1499 1546 possit.

548 1569 766 1615 Erucam
795 1567 928 1614 male
957 1566 1126 1630 pascit
1152 1566 1331 1614 hortus
1358 1582 1528 1625 unam,

545 1650 871 1710 Consumpto
900 1647 1114 1694 moritur
1141 1646 1277 1694 culix
1303 1646 1500 1705 salictO,

546 1732 608 1777 Et
634 1730 775 1792 talpa
804 1738 882 1777 est
910 1729 1035 1776 mihi
1062 1730 1233 1777 fossor
1259 1736 1413 1791 atque
1442 1736 1625 1776 arator.

547 1814 664 1859 Non
693 1812 900 1859 boletus
929 1812 1087 1870 hiare,
1117 1828 1221 1859 non
1249 1810 1499 1858 mariscae

547 1893 740 1941 Ridere
770 1902 857 1941 aut
885 1894 1052 1941 violae
1081 1901 1259 1956 patere
1286 1900 1521 1955 possunt.

547 1975 701 2023 Fines
730 1992 843 2023 mus
871 1976 1150 2038 populatur
1177 1983 1227 2022 et
1255 1975 1440 2021 colono

545 2058 816 2118 Tanquam
849 2074 936 2104 sus
965 2056 1285 2120 Calydonius
1313 2055 1533 2113 timetur,

347 2262 382 2296 4.
413 2250 526 2285 Ruta
541 2264 551 2285 :
584 2253 592 2267 ⁶
611 2262 633 2285 a
653 2261 719 2285 rue
739 2249 879 2296 plant.'
1177 2260 1231 2295 13.
1265 2249 1384 2284 Cnljx
1398 2261 1409 2282 .·
1440 2248 1582 2293 ‘gnat.’

352 2324 382 2361 5.
410 2314 619 2360 Aygutae:
651 2312 810 2348 ‘shrill.⁷

349 2378 382 2412 6.
412 2377 625 2412 Formica:
658 2378 731 2412 ‘an
752 2378 842 2412 ant?

349 2450 380 2484 7.
411 2440 555 2475 Clusae
593 2467 600 2474 .
639 2467 646 2474 .
685 2468 693 2476 .
722 2440 871 2486 solium
901 2451 1033 2474 rosae:
1177 2449 1230 2486 15.
1261 2438 1446 2472 Baletus:
1477 2436 1759 2472 ‘mushroomss

274 2503 362 2539 ‘the
382 2503 457 2539 leaf
476 2503 517 2538 of
533 2515 556 2538 a
577 2502 765 2538 rosebud.⁷
1177 2512 1231 2549 15.
1260 2502 1415 2536 Hiare:
1446 2499 1649 2546 ‘expandff

1177 2323 1231 2359 13.
1261 2312 1409 2347 Salicto
1422 2324 1434 2346 ,·
1463 2312 1472 2330 ‘
1491 2310 1628 2344 willow
1647 2309 1742 2345 bed.7

1177 2387 1232 2421 14.
1269 2375 1427 2422 Talpa:
1458 2375 1505 2409 ‘a
1524 2373 1647 2408 mole.'

1830 1420 1886 1448 IO

347 2578 381 2612 9.
412 2567 564 2602 Cosmi:
616 2568 784 2602 Cosmus
817 2578 894 2602 was
930 2578 952 2601 a
985 2566 1037 2601 fa·
1177 2576 1231 2612 15.
1259 2565 1489 2599 Alariscae:
1521 2563 1637 2609 ‘figs'
1658 2562 1699 2597 of
1727 2574 1776 2598 an
1797 2562 1888 2597 infe-

274 2642 386 2666 mous
408 2631 615 2677 persumer.
1124 2629 1201 2662 rior
1221 2632 1314 2663 sort.

326 2706 382 2730 10.
418 2695 627 2729 Cucmnis:
659 2694 912 2729 (0110111111101.7

327 2769 381 2791 1o.
411 2758 581 2792 Rectus:
620 2757 837 2803 ‘straiglit,'
874 2758 936 2792 ‘at
964 2756 1036 2791 full

274 2820 432 2866 length.'

329 2895 383 2920 12.
414 2883 623 2921 Erucam:
654 2881 921 2934 ‘caterpillan’

1178 2693 1231 2726 16.
1260 2691 1407 2725 Ridere
1425 2704 1436 2725 .·
1469 2689 1650 2725 ‘bloom.'

1177 2755 1231 2789 18.
1261 2755 1342 2789 Sus
1364 2754 1634 2798 Calydonius:
1666 2752 1754 2787 ‘the
1778 2751 1888 2796 Caly-

1124 2817 1271 2857 donian
1290 2817 1407 2862 boar,⁷
1428 2816 1527 2852 slain
1548 2816 1595 2861 by
1619 2815 1822 2862 Meleager.
