2085 3294
599 198 900 263 Effl'grams
942 200 1008 264 (ff
1038 199 1288 249 stlarlial.
1698 219 1711 253 I
1732 215 1754 266 5

293 409 344 454 Is
372 408 491 453 mihi
523 416 548 431 ⁶*
572 409 729 455 Dives
757 410 870 467 eris,
902 410 943 456 si
972 426 1154 457 causas
1183 411 1348 472 egeris
1369 412 1393 430 ”
1424 412 1601 474 inquit.

360 490 513 549 Quod
541 499 660 552 peto
688 491 768 549 da,
799 491 926 538 Gai:
968 508 1069 538 non
1098 500 1217 553 peto
1246 493 1533 540 consilium.

731 622 805 672 21.
881 624 975 688 (II.
1016 626 1178 689 XLIV.)

234 718 267 748 A
296 718 424 757 crafty
458 719 596 750 device
623 719 664 751 of
690 729 713 751 a
740 729 880 751 usurer
906 723 948 751 to
977 722 1098 752 avoid
1130 722 1250 762 being
1277 723 1401 754 asked
1429 722 1490 754 for
1516 733 1538 754 a
1567 725 1675 755 loan.

427 790 536 835 Emi
565 806 654 836 seu
682 806 897 852 puerum
926 798 1164 853 togamve
1193 808 1376 853 pexam

428 870 527 915 Seu
556 877 671 927 tres,
703 878 757 916 ut
788 879 925 931 puta,
958 880 1263 932 quattuorve
1292 871 1463 931 libras,

425 951 607 997 Sextus
635 951 870 1012 protinus
899 951 981 998 ille
1009 952 1283 1012 fenerator,
1730 973 1753 1018 5

422 1030 589 1090 Quem
618 1032 782 1079 nostis
809 1040 1034 1079 veterem
1064 1049 1233 1080 meum
1263 1035 1511 1094 sodalem,

424 1114 501 1158 Ne
531 1112 653 1173 quid
680 1113 812 1159 forte
839 1121 1012 1175 petam
1040 1113 1184 1161 timet
1213 1124 1480 1177 cavetque,

425 1195 487 1239 Et
516 1209 706 1251 secum,
737 1194 827 1240 sed
855 1202 909 1240 ut
937 1195 1157 1253 audiam,
1189 1204 1417 1244 susurrat
1440 1216 1448 1244 :

424 1278 450 1296 ‘⁶
476 1275 683 1335 Septem
713 1275 852 1321 milia
880 1276 1045 1322 debeo
1077 1277 1329 1335 Secundo,

424 1355 634 1402 Phoebo
663 1364 918 1417 quattuor,
949 1356 1189 1403 undecim
1221 1358 1436 1416 Phileto,
1696 1379 1752 1407 10

425 1438 486 1482 Et
515 1437 776 1497 quadrans
804 1437 925 1483 mihi
956 1438 1124 1485 nullus
1153 1447 1231 1485 est
1258 1439 1307 1485 in
1338 1441 1503 1487 arca.''

425 1516 469 1563 O
496 1517 690 1579 grande
720 1517 979 1580 ingenium
1009 1520 1107 1565 mei
1135 1520 1357 1567 sodalis!

426 1599 619 1644 Durum
650 1607 741 1657 est,
775 1600 940 1657 Sexte,
971 1616 1173 1662 negare,
1203 1617 1318 1647 cum
1347 1602 1556 1664 rogaris,

423 1678 631 1738 Quanto
660 1680 853 1738 durius,
885 1689 1161 1743 antequam
1190 1682 1412 1745 rogeris!

723 1817 800 1867 22.
877 1820 971 1884 (II.
1013 1820 1179 1884 LVIII.)

695 1929 798 1960 Poor
822 1929 893 1961 but
918 1930 1202 1970 independent.

222 2015 445 2060 Pexatus
472 2014 686 2075 pulchre
715 2014 851 2061 rides
879 2030 1005 2072 mea,
1036 2015 1189 2073 Zoile,
1219 2016 1350 2063 trita.
1693 2035 1746 2081 15

290 2096 416 2141 Sunt
444 2094 572 2141 haec
600 2095 717 2141 trita
746 2095 966 2156 quidem,
997 2095 1148 2153 Zoile,
1179 2097 1271 2143 sed
1298 2113 1411 2144 mea
1438 2107 1570 2146 sunt.

200 2310 233 2344 3.
260 2299 379 2334 Emi:
413 2301 420 2318 ‘
439 2301 453 2334 Ι
475 2300 571 2334 have
590 2300 759 2345 bought.'
1047 2313 1100 2335 11.
1133 2302 1379 2347 Qnadmns:
1402 2303 1620 2349 ‘farthing,’
1645 2306 1749 2350 ‘cop-

200 2372 231 2407 3.
260 2362 442 2397 Puerum
483 2364 526 2397 ‘a
546 2362 670 2397 slave)
994 2375 1081 2409 per3
1099 2365 1105 2381 '
1134 2364 1198 2398 the
1217 2363 1349 2398 fourth
1368 2369 1454 2410 part
1475 2365 1514 2399 of
1533 2377 1581 2400 an
1602 2377 1655 2400 as.

199 2434 232 2469 3.
263 2424 441 2459 Pexam:
472 2425 585 2459 ‘with
607 2424 697 2470 long
716 2426 815 2470 nap.y
1046 2437 1099 2473 15.
1128 2427 1337 2462 Pexatus:
1383 2429 1572 2474 ‘wearing
1599 2440 1621 2463 a
1655 2432 1748 2474 toga

199 2498 233 2531 4.
270 2487 440 2534 Uljmfa
459 2499 469 2521 .·
499 2488 579 2521 ‘for
599 2489 794 2523 instance.’
993 2489 1085 2523 with
1123 2489 1214 2535 long
1250 2491 1349 2536 nap,⁷
1386 2490 1534 2535 ‘sleek,⁷
1563 2492 1746 2536 ''smartly

199 2561 233 2593 4.
261 2549 292 2583 L
307 2550 320 2582 z'
333 2549 352 2583 h
367 2562 424 2583 να
439 2562 457 2583 5
470 2563 480 2583 .·
510 2553 517 2568 ‘
536 2550 688 2595 pounds
706 2551 734 2593 ς’
767 2562 845 2595 say,
865 2550 905 2585 of
991 2551 1170 2587 dressed)

150 2610 431 2654 frankincense,
450 2624 492 2645 ox·
512 2623 664 2657 pepper.
1044 2624 1097 2659 15.
1125 2613 1222 2647 Alea
1251 2640 1258 2647 .
1292 2641 1299 2647 .
1335 2641 1342 2648 .
1372 2615 1471 2648 trita
1490 2625 1501 2647 .·
1530 2616 1537 2633 ‘
1556 2625 1616 2658 my
1631 2626 1747 2648 worn-

203 2685 231 2720 3.
262 2674 503 2708 Fenerator:
534 2676 692 2718 ‘money
713 2673 863 2709 lentior)
988 2679 1056 2710 out
1076 2674 1245 2710 clothes.⁷

200 2736 231 2770 8.
263 2736 463 2770 Sztsztrrat
477 2749 487 2771 .·
526 2740 533 2754 ‘
551 2737 734 2781 mutters,’
772 2736 903 2771 ‘whis-
1040 2746 1095 2784 15.
1124 2736 1253 2771 Zoile:
1283 2748 1344 2772 see
1363 2741 1453 2773 note
1473 2749 1522 2772 on
1542 2750 1578 2784 p.
1599 2750 1652 2783 14,
1674 2738 1695 2772 1.
1716 2751 1744 2774 1.

150 2799 260 2844 pers!
