2085 3294
590 204 896 270 Efflgmms
934 206 1000 271 os
1028 203 1284 254 lllarliczl.

1660 220 1685 268 Q)

1719 322 1724 324 Α
1697 219 1722 269 Ο.)

266 433 495 481 Vixisset
520 432 733 480 totidem
764 432 814 478 ni
842 433 1010 480 minus
1038 433 1124 479 illa
1151 432 1274 480 dies.

202 516 343 562 Inter
369 523 472 561 tam
499 522 700 561 veteres
728 514 869 561 ludat
896 514 1088 561 lasciva
1113 521 1359 575 patronos

271 597 333 642 Et
360 611 548 644 nomen
574 596 753 643 blaeso
779 595 969 658 garriat
996 611 1082 642 ore
1110 611 1295 642 meum.

204 676 384 723 Mollia
411 693 514 723 non
542 677 738 739 rigidus
765 692 978 739 caespes
1005 683 1146 739 tegat
1172 692 1305 734 ossa,
1335 692 1428 723 nee
1457 676 1541 735 illi,

269 759 442 817 Terra,
470 758 643 821 gravis
669 758 856 805 fueris:
896 774 999 805 non
1025 758 1121 805 fuit
1148 758 1234 804 illa
1260 757 1368 805 tibi.

1702 775 1724 820 ΕΠ

692 939 766 988 51.
845 942 928 1005 (V.
969 939 1119 1003 XLII.)

258 1064 292 1095 A
317 1065 520 1104 parad0x;
555 1074 579 1096 a
604 1064 736 1096 man's
763 1073 854 1095 sure
879 1064 1032 1096 wealth
1059 1065 1093 1096 is
1119 1064 1234 1096 what
1259 1064 1308 1096 he
1333 1064 1448 1105 gives
1474 1074 1607 1104 away.

269 1163 501 1210 Callidus
528 1163 740 1210 effracta
766 1179 1004 1210 nummos
1030 1164 1110 1209 fur
1137 1164 1333 1210 auferet
1361 1180 1492 1222 arca,

339 1246 636 1291 Prosternet
663 1244 857 1306 patrios
885 1243 1041 1306 impia
1066 1244 1274 1290 flamma
1300 1245 1432 1291 lares
1454 1264 1461 1291 :

271 1325 488 1373 Debitor
516 1342 722 1373 usuram
750 1325 940 1388 pariter
966 1332 1259 1386 sortemque
1287 1325 1511 1388 negabit,

339 1409 457 1454 Non
486 1407 666 1454 reddet
694 1407 880 1454 sterilis
908 1406 1105 1454 semina
1132 1406 1266 1454 iacta
1292 1423 1471 1469 seges:

271 1487 698 1550 Dispensatorem
726 1488 883 1534 fallax
910 1487 1153 1550 spoliabit
1180 1487 1360 1546 amica,
1674 1506 1730 1534 10

340 1570 604 1617 Mercibus
633 1577 891 1616 extructas
917 1569 1100 1616 obruet
1127 1569 1265 1616 unda
1293 1577 1442 1616 rates.

272 1653 425 1699 Extra
451 1652 708 1698 fortunam
736 1659 827 1709 est,
857 1650 898 1698 si
926 1650 1047 1712 quid
1075 1651 1294 1697 donatur
1323 1650 1528 1697 amicis:

339 1733 484 1792 Quas
512 1732 730 1791 dederis,
761 1733 897 1780 solas
925 1748 1126 1794 semper
1154 1731 1372 1779 habebis
1399 1747 1539 1794 opes.

701 1893 780 1943 52.
858 1895 941 1959 (V.
982 1895 1165 1958 XLVII.)

728 2017 762 2048 A
787 2017 917 2057 needy
943 2017 1135 2057 parasite.

206 2117 482 2176 Nunquam
511 2130 564 2162 se
592 2131 806 2162 cenasse
834 2114 973 2162 domi
1001 2113 1147 2162 Philo
1176 2114 1320 2173 iurat,
1350 2122 1399 2161 et
1426 2115 1523 2162 hoc
1551 2122 1628 2162 est
1653 2133 1660 2161 :

273 2199 389 2243 Non
418 2204 582 2255 cenat,
613 2196 853 2258 quotiens
881 2212 1033 2243 nemo
1060 2195 1264 2243 vocavit
1290 2211 1420 2243 eum.
1675 2211 1727 2257 15

189 2451 218 2473 1.
255 2439 430 2474 Totidem
443 2453 453 2474 .·
484 2440 561 2484 i.e.,
581 2441 654 2475 six.
1027 2451 1061 2485 4.
1089 2439 1174 2474 Nec
1192 2440 1264 2483 illi,
1283 2443 1365 2474 etc:

184 2512 217 2536 2.
245 2501 439 2537 Lasciva:
469 2503 477 2520 ‘
494 2501 670 2548 playful.'
981 2503 1002 2516 ‘⁴
1022 2502 1081 2533 Lie
1101 2500 1227 2542 lightly
1245 2513 1288 2533 on
1308 2502 1380 2541 her,
1404 2502 1524 2541 Earth,
1543 2503 1597 2533 for
1614 2500 1674 2532 she

184 2575 217 2610 3.
246 2564 385 2598 Blaeso
410 2566 576 2611 garriat
602 2578 664 2600 ore
680 2579 689 2599 .·
721 2567 728 2583 ‘
749 2564 796 2600 let
826 2566 889 2600 her
1022 2559 1080 2590 ΝΟ
1099 2558 1209 2598 hestvy
1227 2566 1305 2599 step
1324 2558 1395 2590 ⁰⁵01*
1412 2558 1481 2590 laid
1499 2570 1543 2590 0¹¹
1561 2556 1684 2591 1¹108·''

137 2626 211 2672 lisp
231 2627 322 2661 with
344 2628 597 2673 stammering
615 2629 783 2673 tongue.‘
1050 2628 1083 2662 8.
1120 2628 1298 2663 Usnram
1344 2656 1350 2662 .
1393 2656 1400 2662 .
1442 2656 1450 2662 .
1492 2634 1730 2677 sortemque:

184 2701 218 2735 4.
253 2689 436 2738 Caespes:
465 2692 473 2708 ‘
489 2689 586 2726 sod.’
978 2694 986 2709 ⁶
1003 2691 1161 2725 interest
1182 2690 1259 2725 and
1279 2691 1493 2736 prineipzrl)

1050 2765 1083 2798 9.
1112 2754 1223 2788 [asta
1241 2765 1253 2788 :
1282 2753 1453 2788 ‘sowed’

1028 2826 1082 2853 ιο.
1110 2815 1450 2867 Dispensalorcm.
1486 2818 1695 2857 ‘stewards
