2085 3294
581 250 884 316 Epigrams
922 249 988 314 of
1016 245 1267 297 Marse‘al.
1651 258 1723 309 49

656 629 736 679 85.
813 631 989 694 (VIII.
1032 629 1192 685 LXIV.)

129 770 163 802 A
195 779 289 801 man
316 769 412 801 who
444 767 663 808 pretended
694 770 736 797 to
768 766 872 797 have
904 775 927 796 a
958 765 1147 804 birthday
1177 764 1327 795 almost
1359 771 1479 801 every
1508 761 1648 793 month
1682 761 1722 791 in

475 824 590 855 order
615 826 657 854 to
684 826 752 863 get
780 825 966 862 presents
993 821 1096 852 from
1124 820 1189 851 his
1217 819 1379 851 friends.

402 937 473 983 Ut
499 950 698 997 poscas,
731 933 892 997 Clyte,
922 948 1108 979 munus
1134 931 1425 994 exigasque‚

402 1018 522 1065 Uno
550 1015 778 1063 nasceris
806 1013 966 1061 octies
995 1013 1045 1059 in
1073 1029 1208 1060 anno

404 1100 466 1146 Et
492 1097 643 1156 solas,
671 1104 810 1158 puto,
841 1103 1008 1142 tresve
1036 1102 1339 1156 quattuorve

404 1182 522 1227 Non
550 1176 820 1225 natalicias
849 1176 1010 1223 habes
1039 1175 1321 1223 Kalendas,

405 1261 480 1309 Sit
505 1260 674 1308 vultus
701 1258 793 1306 tibi
821 1257 980 1304 levior
1007 1256 1180 1303 licebit
1699 1274 1723 1323 5

402 1342 558 1389 Tritis
585 1340 746 1388 litoris
776 1339 903 1386 aridi
931 1337 1131 1400 lapillis,

406 1423 480 1471 Sit
506 1439 646 1470 moro
675 1437 822 1468 coma
850 1419 1040 1482 nigrior
1065 1419 1275 1477 caduco,

402 1504 596 1551 Vincas
623 1501 838 1549 mollitia
867 1508 1115 1547 tremente
1144 1499 1344 1561 plumas

403 1588 507 1633 Aut
533 1600 755 1631 massam
788 1582 942 1629 modo
970 1581 1117 1628 lactis
1145 1581 1353 1644 alligati,

403 1669 483 1714 Tu
509 1666 672 1723 nobis,
704 1665 865 1728 Clyte,
897 1662 996 1709 iam
1024 1678 1182 1709 senex
1206 1662 1394 1710 videris
1418 1683 1426 1710 z
1669 1682 1726 1711 10

403 1749 532 1794 Tam
559 1747 745 1793 multos
774 1744 888 1807 quis
915 1743 1050 1790 enim
1075 1742 1234 1790 fuisse
1262 1744 1437 1791 credat

407 1829 621 1876 Natales
649 1826 901 1873 Priamive
933 1824 1268 1872 Nestorisve?

408 1911 483 1958 Sit
509 1910 717 1957 tandem
744 1909 909 1971 pudor
936 1915 986 1954 et
1012 1906 1195 1953 modus
1222 1905 1427 1966 rapinis.

405 1992 560 2051 Quod
587 1990 628 2038 si
657 1990 790 2037 ludis
819 1989 988 2036 adhuc
1016 1988 1279 2049 semelque
1306 1987 1447 2034 nasci

405 2074 526 2120 Uno
553 2072 652 2118 iam
678 2071 770 2119 tibi
798 2087 900 2118 non
930 2077 1009 2117 sat
1035 2077 1113 2116 est
1140 2068 1190 2114 in
1218 2085 1367 2125 anno,
1671 2083 1725 2132 15

406 2155 597 2201 Natum
624 2159 688 2210 te,
719 2152 880 2215 Clyte,
911 2166 1005 2198 nec
1032 2150 1190 2197 semel
1216 2149 1423 2212 putabo.

187 2565 220 2588 2.
247 2553 462 2588 Nasceris:
493 2554 593 2597 ‘you
614 2552 709 2587 have
731 2564 752 2587 a
779 2552 894 2586 birth·
980 2563 1138 2597 surpass
1183 2550 1350 2585 feathers
1386 2550 1425 2583 in
1463 2549 1527 2584 the
1570 2548 1731 2585 delicate

137 2615 235 2660 day]
979 2612 1148 2647 softness
1171 2611 1226 2657 (of
1253 2623 1348 2655 your
1368 2610 1504 2655 flesh).⁷

188 2679 222 2713 6.
250 2678 442 2725 Lapillis:
472 2677 673 2724 ‘pebblesst
1052 2686 1086 2720 9.
1116 2674 1350 2709 Massam
1378 2700 1385 2708 .
1414 2700 1421 2708 .
1456 2700 1463 2707 .
1489 2673 1729 2719 alligati.-

191 2751 222 2785 7.
249 2742 362 2776 Moro
398 2769 405 2776 .
489 2769 496 2776 .
529 2742 697 2776 caduco:
727 2740 843 2775 ‘than
872 2752 894 2774 a
982 2739 1108 2772 ‘mass
1127 2737 1168 2772 of
1195 2737 1289 2771 milk
1308 2737 1386 2783 just
1406 2735 1584 2771 curdled!

140 2806 221 2851 ripe
244 2805 316 2850 (lit.
338 2804 470 2854 fallen)
497 2804 710 2848 mulberry.’
1035 2802 1086 2835 16.
1116 2801 1273 2835 Natum
1312 2828 1319 2835 .
1356 2827 1363 2834 .
1403 2827 1409 2835 .
1446 2812 1514 2834 nec
1554 2800 1730 2834 semel:

191 2866 221 2902 8.
258 2867 406 2903 Vincas
442 2893 450 2902 .
490 2894 497 2901 .
533 2893 541 2902 .
570 2867 760 2914 plumas:
795 2867 893 2910 ‘you
982 2865 1052 2909 i.e.,
1072 2876 1094 2899 a
1114 2875 1203 2899 man
1223 2863 1263 2899 of
1283 2875 1331 2898 no
1352 2863 1452 2898 birth
1473 2867 1511 2898 at
1532 2862 1594 2897 all.
