2085 3294
632 220 937 286 lingrams
978 220 1045 285 of
1072 218 1325 268 Martial.
1704 218 1768 280 65

450 407 511 451 Et
539 405 741 451 sublata
768 403 989 451 volantis
1016 419 1186 466 ungue
1220 404 1449 464 Prognes

451 488 510 532 In
538 486 661 532 nido
689 502 838 548 seges
864 494 941 532 est
969 484 1331 543 hirundinino;

446 569 545 613 Vix
572 567 751 629 implet
777 568 1006 614 cocleam
1033 574 1243 629 peracta
1268 565 1467 624 messis,

450 651 511 695 Et
539 656 763 695 mustum
790 664 921 695 nuce
949 648 1221 694 condimus
1247 647 1432 709 picata.

450 730 654 788 Errasti,
685 732 842 791 Lupe,
872 729 1041 776 littera
1068 730 1159 776 sed
1190 745 1320 775 una:
1529 784 1532 788 ‚
1748 743 1772 790 5

449 814 581 858 Nam
610 828 710 872 quo
737 819 968 872 tempore
994 811 1261 873 praedium
1288 810 1490 867 dedisti,

449 893 660 938 Mallem
688 900 743 938 tu
770 892 893 938 mihi
921 892 1193 954 prandium
1221 892 1469 939 dedisses.

719 1012 823 1060 110.
903 1014 1021 1078 (XI.
1061 1011 1231 1076 XXIV.)

177 1123 262 1154 The
286 1127 380 1163 poet
404 1123 632 1162 complains
657 1122 747 1153 that
772 1122 822 1153 he
846 1125 1002 1153 wastes
1026 1125 1095 1153 too
1122 1121 1241 1152 much
1265 1121 1365 1152 time
1390 1121 1429 1151 in
1456 1121 1700 1152 attendance
1725 1129 1775 1151 on

733 1177 797 1208 his
822 1181 968 1217 patron
996 1177 1207 1209 Labullus.

383 1251 518 1296 Dum
545 1257 595 1296 te
622 1264 907 1311 prosequor
934 1256 985 1295 et
1011 1248 1220 1295 domum
1247 1248 1454 1305 reduco,

382 1332 574 1378 Aurem
601 1330 722 1377 dum
749 1329 845 1377 tibi
871 1337 1078 1391 praesto
1104 1328 1362 1391 garrienti,

384 1414 446 1459 Et
473 1411 724 1473 quidquid
751 1410 977 1473 loqueris
1002 1410 1236 1472 facisque
1264 1410 1433 1468 laudo,
1721 1427 1778 1456 10

384 1494 525 1553 Quot
551 1509 729 1540 versus
756 1501 1010 1554 poterant,
1041 1492 1272 1551 Labulle,
1301 1492 1472 1539 nasci!

385 1575 503 1621 Hoc
530 1575 771 1621 damnum
801 1574 894 1621 tibi
921 1590 1024 1620 non
1051 1573 1252 1621 videtur
1278 1589 1406 1631 esse,

386 1655 437 1702 Si
465 1655 604 1716 quod
634 1656 801 1701 Roma
828 1654 966 1716 legit,
996 1653 1207 1715 requirit
1235 1654 1439 1716 hospes,

385 1739 503 1783 Non
530 1736 730 1783 deridet
757 1752 929 1797 eques,
959 1743 1100 1782 tenet
1128 1744 1346 1794 senator,

385 1818 585 1864 Laudat
611 1817 917 1875 causidicus,
948 1826 1102 1878 poeta
1129 1817 1304 1878 carpit,
1722 1831 1775 1878 15

386 1901 598 1961 Propter
624 1907 673 1945 te
700 1899 831 1960 perit
851 1899 1035 1945 ——hoc
1063 1898 1292 1957 Labulle,
1320 1914 1494 1945 verum
1522 1900 1711 1945 est—?

387 1982 504 2027 Hoc
533 1980 805 2042 quisquam
833 1981 1000 2027 ferat?
1050 1988 1104 2027 ut
1131 1979 1225 2026 tibi
1251 1987 1453 2026 tuorum

387 2058 462 2105 Sit
489 2057 649 2104 maior
670 2074 919 2122 ⁴numerus
946 2058 1307 2120 togatulorum,

387 2140 655 2186 Librorum
685 2139 806 2184 mihi
837 2139 901 2186 sit
928 2140 1093 2185 minor
1121 2155 1346 2185 meorum
1371 2140 1386 2185 ?

384 2220 618 2282 Triginta
644 2236 803 2281 prope
831 2220 931 2266 iam
960 2220 1142 2266 diebus
1169 2235 1271 2265 una
1298 2227 1375 2265 est
1719 2236 1780 2264 20

388 2301 552 2348 Nobis
580 2301 769 2363 pagina
797 2301 879 2347 vix
906 2309 1128 2362 peracta.
1206 2300 1287 2347 Sic
1314 2300 1385 2358 fit,

387 2382 517 2428 Cum
545 2397 729 2427 cenare
758 2381 897 2427 domi
924 2390 1077 2442 poeta
1104 2398 1206 2428 non
1236 2381 1355 2427 vult.

238 2608 267 2630 1.
303 2597 470 2642 Ungue:
500 2598 507 2614 ⁴
529 2596 567 2629 in
587 2596 652 2630 the
671 2595 788 2630 claW.'
1100 2607 1134 2641 4.
1163 2596 1373 2630 llluslnm:
1404 2597 1505 2629 ‘new
1525 2596 1644 2629 wine⁷

239 2670 268 2693 1.
296 2659 496 2704 Prognes:
525 2664 532 2676 ⁶
550 2658 590 2691 of
610 2670 631 2692 a
650 2657 841 2693 swallow.'
1099 2671 1133 2704 4.
1160 2659 1325 2694 Picata:
1357 2657 1508 2692 ‘sealed
1529 2658 1620 2692 with
1647 2659 1777 2703 pitchs

235 2732 268 2755 2.
296 2721 608 2755 Hirnmlinino:
631 2723 674 2755 ‘a
691 2720 913 2755 swallow⁷s.’
1100 2734 1133 2766 9.
1165 2722 1395 2756 Garrientz':
1426 2725 1434 2740 ‘
1449 2721 1688 2766 chattering.⁷

236 2795 268 2830 3.
298 2784 496 2818 Coc-leam:
526 2785 570 2818 ‘a
589 2782 689 2818 snail
711 2783 832 2818 shell.⁷
1078 2782 1131 2816 18.
1169 2782 1453 2828 Togatulorzmz
1469 2794 1479 2815 .·
1510 2781 1693 2816 ‘clientss

237 2857 268 2892 3.
297 2845 496 2881 Peracta:
543 2845 759 2890 ‘finished,'
809 2845 937 2890 ‘gath-

185 2909 274 2944 ered
295 2910 357 2943 in.⁷
