2085 3294
662 197 716 246 E
710 197 964 263 jvzgl‘ams
1003 197 1069 261 of
1097 194 1348 244 illarlial.
1737 208 1792 256 13

804 553 876 601 18.
955 555 1015 611 (l.
1058 553 1183 612 clx.)

794 731 856 763 On
882 741 904 763 a
928 734 996 771 pet
1020 731 1199 770 lap-dog.

469 887 580 932 Issa
607 893 686 932 est
713 900 922 946 passere
951 883 1168 946 nequior
1198 885 1402 940 Catulli,

467 967 579 1012 Issa
606 974 683 1012 est
711 965 883 1027 purior
912 965 1088 1012 osculo
1118 964 1404 1022 columbae,

469 1048 583 1094 Issa
610 1054 689 1094 est
715 1046 953 1093 blandior
981 1045 1219 1093 omnibus
1247 1044 1447 1107 puellis,

468 1129 581 1175 Issa
608 1135 688 1175 est
715 1127 879 1174 carior
909 1126 1106 1174 Indicis
1134 1125 1335 1188 lapillis,

466 1211 580 1256 Issa
607 1217 685 1256 est
712 1208 928 1256 deliciae
956 1208 1143 1255 catella
1171 1206 1333 1254 Publi.
1763 1222 1787 1266 5

467 1292 621 1337 Hanc
647 1298 717 1349 tu,
748 1289 789 1337 si
819 1289 1059 1352 queritur,
1092 1287 1230 1350 loqui
1258 1287 1493 1350 putabi53

467 1371 632 1419 Sentit
660 1371 1023 1433 tristitiamque
1051 1369 1414 1433 gaudiumque.

465 1453 614 1500 Collo
642 1453 760 1499 nixa
791 1452 947 1499 cubat
975 1451 1214 1513 capitque
1242 1465 1467 1508 somnos,

466 1536 539 1582 Ut
565 1534 785 1597 suspiria
813 1535 952 1580 nulla
976 1533 1274 1581 sentiantur.

468 1618 622 1663 Hanc
650 1632 713 1663 ne
743 1616 826 1662 lux
854 1615 1020 1677 rapiat
1048 1629 1286 1676 suprema
1313 1620 1490 1671 totam,
1736 1631 1792 1658 10

466 1698 610 1744 Picta
640 1697 851 1744 Publius
879 1695 1114 1758 exprimit
1141 1694 1347 1752 tabella,

464 1780 523 1824 In
553 1794 654 1840 qua
680 1786 784 1825 tam
815 1777 1031 1824 similem
1059 1775 1262 1823 videbis
1292 1777 1473 1833 Issam,

464 1860 536 1906 Ut
564 1859 629 1906 sit
655 1868 759 1905 tam
789 1859 969 1906 similis
997 1858 1095 1905 sibi
1122 1873 1216 1904 nec
1244 1857 1370 1919 ipsa.

465 1942 630 1988 Issam
659 1940 883 2002 denique
911 1955 1045 2001 pone
1075 1955 1189 1985 cum
1217 1938 1432 1985 tabella:

463 2024 567 2068 Aut
595 2029 863 2083 utramque
891 2020 1100 2083 putabis
1127 2036 1241 2067 esse
1268 2035 1456 2083 veram,
1736 2036 1787 2085 15

464 2104 568 2148 Aut
595 2110 864 2163 utramque
892 2100 1100 2163 putabis
1129 2116 1241 2147 esse
1269 2100 1473 2162 pictam.

244 2519 272 2541 1.
302 2508 471 2541 Passere
490 2518 502 2540 .·
547 2508 738 2553 ‘sparrow
756 2508 786 2549 3'
831 2506 948 2541 allud-
1113 2516 1144 2552 5.
1172 2506 1372 2540 Deliciae:
1403 2507 1514 2551 ‘pets

192 2569 259 2615 ing
285 2574 326 2604 to
355 2568 566 2604 CatuHus's
586 2569 739 2603 famous
763 2580 875 2614 poem
897 2580 947 2603 on
1112 2579 1143 2615 5.
1175 2568 1351 2603 Catella:
1383 2567 1505 2602 ‘little
1524 2567 1623 2613 dog?

192 2632 257 2667 the
276 2631 391 2667 death
411 2631 451 2666 of
479 2632 652 2667 Lesbia⁷s
673 2644 855 2677 SparrOW.
1110 2630 1143 2666 8.
1175 2631 1275 2666 Collo
1296 2632 1394 2665 nixa
1413 2642 1424 2664 .·
1454 2631 1619 2675 ‘resting
1651 2641 1699 2664 on
1730 2629 1791 2665 his

244 2707 274 2730 1.
302 2695 483 2742 chquior
499 2706 511 2728 .·
540 2697 666 2729 ‘more
686 2694 857 2740 playful.’
1037 2693 1155 2729 neck.'

242 2769 273 2804 3.
303 2758 530 2793 Blandior:
561 2760 686 2793 ‘more
714 2758 922 2793 winsmne.⁷
1091 2768 1144 2790 11.
1173 2757 1289 2790 [ἧι-ἴα
1311 2784 1318 2790 .
1348 2784 1355 2790 .
1385 2783 1392 2790 .
1411 2756 1576 2790 labella:
1599 2756 1652 2789 ‘is
1668 2756 1791 2801 paint-

239 2831 274 2865 4.
302 2819 497 2868 Lapillz's:
527 2821 681 2867 ‘genis’
1039 2819 1104 2864 ing
1126 2819 1189 2854 her
1211 2819 1400 2864 port1·ait.'
