2085 3294
267 240 336 299 48
718 237 1027 304 Eplgmms
1067 238 1133 303 of
1166 238 1420 288 Mam‘ial.

808 864 888 914 84.
969 868 1145 931 (VIII.
1191 865 1326 930 LXI.)

592 1020 829 1052 Humorous
855 1020 1124 1060 imprecation
1151 1029 1259 1060 upon
1286 1030 1309 1052 a
1335 1021 1548 1054 detractor.

403 1147 551 1193 Livet
579 1146 851 1203 Charinus,
882 1145 1147 1207 rumpitur,
1179 1145 1314 1204 furit,
1345 1146 1512 1208 plorat

403 1230 466 1275 Et
493 1227 694 1291 quaerit
721 1228 868 1285 altos,
898 1227 1035 1274 unde
1062 1227 1304 1289 pendeat,
1334 1244 1504 1276 ramos
1528 1249 1536 1276 z

402 1313 521 1358 Non
549 1310 649 1357 iam
678 1310 819 1373 quod
846 1310 969 1357 orbe
999 1317 1181 1357 cantor
1208 1317 1257 1357 et
1286 1310 1427 1373 legor
1453 1318 1577 1369 toto,

402 1395 513 1440 Nec
540 1392 798 1440 umbilicis
826 1392 966 1454 quod
994 1392 1213 1439 decorus
1241 1399 1292 1439 et
1319 1392 1473 1440 cedro

404 1476 628 1538 Spargor
654 1491 746 1537 per
772 1490 952 1521 omnes
982 1475 1150 1521 Roma
1179 1490 1308 1536 quas
1335 1482 1479 1522 tenet
1504 1484 1716 1538 gentes:
1851 1493 1873 1540 5

403 1557 505 1604 Sed
533 1557 672 1619 quod
699 1557 794 1604 sub
822 1557 947 1604 urbe
976 1572 1060 1603 rus
1088 1556 1340 1604 habemus
1369 1557 1621 1605 aestivum

401 1639 754 1701 Vehimurque
783 1638 934 1685 mulis
962 1654 1081 1697 non,
1111 1646 1166 1685 ut
1193 1646 1328 1696 ante,
1359 1639 1646 1687 conductis.

402 1721 543 1781 Quid
570 1721 909 1783 imprecabor,
939 1737 969 1767 o
999 1721 1204 1778 Severe,
1234 1720 1448 1769 liventi?

404 1805 524 1851 Hoc
550 1810 674 1866 opto
696 1822 704 1850 :
744 1803 910 1850 mulas
937 1802 1129 1850 habeat
1156 1810 1207 1850 et
1234 1802 1602 1851 suburbanum.

318 2446 347 2470 1.
377 2434 488 2469 Livet
516 2462 524 2469 .
553 2461 561 2469 .
590 2461 598 2469 .
627 2436 930 2482 rumpitur:
969 2434 1027 2468 ‘is
1114 2432 1248 2468 bosses
1285 2432 1363 2468 and
1399 2433 1615 2469 annointed
1634 2434 1728 2469 with
1756 2434 1809 2469 oil
1837 2435 1878 2470 of

265 2498 445 2543 bursting
464 2497 558 2532 with
577 2498 700 2541 envy.⁷
1115 2495 1250 2531 cedar.⁷

315 2573 349 2608 3.
377 2561 473 2596 Non
493 2562 587 2605 iam,
606 2565 702 2605 etc.;
724 2561 919 2596 Charinus
941 2572 1027 2605 may
1166 2569 1198 2605 5.
1231 2559 1431 2605 Spargor:
1461 2560 1469 2578 ‘
1488 2560 1503 2594 1
1524 2570 1586 2594 am
1606 2559 1840 2595 circulated.’

265 2624 311 2659 be
343 2623 527 2659 identical
559 2624 653 2659 with
686 2624 854 2671 quidam
883 2624 921 2658 in
952 2625 1026 2669 Ep.
1167 2632 1198 2666 7.
1229 2622 1467 2657 Conduclis:
1498 2622 1654 2657 ‘hireds

270 2689 345 2723 No.
365 2697 423 2734 97.
1165 2684 1199 2718 8.
1231 2685 1343 2730 Quid
1361 2686 1462 2732 imp
1480 2697 1596 2720 raca
1610 2686 1631 2720 b
1645 2698 1664 2720 ο
1677 2698 1718 2720 ν.·
1749 2688 1758 2705 ⁶
1775 2685 1876 2721 what

314 2763 348 2796 4.
376 2751 462 2786 Nec
482 2751 679 2785 umbilicis
694 2751 975 2797 qmnldecarns
992 2755 1027 2784 ct
1115 2759 1224 2782 curse
1246 2747 1344 2782 shall
1368 2749 1381 2782 I
1403 2748 1475 2783 call
1494 2748 1607 2783 down
1625 2749 1660 2783 ?⁷

265 2813 355 2849 ced
367 2824 439 2848 ro:
494 2810 689 2847 ‘adorned
735 2811 829 2846 with
873 2810 1026 2856 elegant
1165 2810 1198 2844 S.
1226 2811 1409 2846 Livcnli:
1473 2813 1481 2830 ‘
1501 2823 1551 2846 on
1596 2812 1661 2848 the
1712 2812 1876 2849 envious

1116 2874 1229 2911 man)
