2085 3294
617 202 922 270 lingrczms
961 204 1026 269 (ff
1053 201 1307 253 Martias.
1697 217 1753 267 55

242 417 545 477 Maestaque
573 415 708 463 civili
737 417 896 463 caede
925 416 1153 462 maderet
1182 416 1381 463 humus.

165 500 268 543 Cur
297 513 433 543 nunc
463 502 489 520 “
509 498 554 544 O
583 498 818 546 moresl''
848 513 937 543 eur
964 513 1098 543 nune
1119 499 1205 543 “0
1234 498 1532 558 temporal'‘'
1561 497 1724 544 dicis?

238 578 387 637 Quod
415 577 505 624 tibi
536 594 636 624 non
665 578 880 639 placeat,
913 578 1221 634 Caeciliane,
1252 577 1373 638 quid
1401 580 1514 625 est?

168 659 320 705 Nulla
348 659 534 706 ducum
562 659 753 713 feritas,
783 660 921 705 nulla
948 667 1024 706 est
1053 658 1252 705 insania
1278 659 1427 717 ferri3

236 741 366 786 l'ace
394 740 490 785 frui
519 748 658 786 certa
687 739 986 800 laetitiaque
1017 739 1148 786 licet.
1734 757 1757 803 5

166 822 281 867 Non
311 820 470 867 nostri
499 820 709 877 faciunt,
740 820 830 867 tibi
861 821 998 882 quod
1026 828 1113 867 tua
1140 828 1372 882 tempora
1400 821 1624 879 sordent,

234 901 334 948 Sed
362 901 558 948 faciunt
587 918 767 959 mores,
800 902 1110 960 Caeciliane‚
1140 901 1226 949 tui.

712 1065 791 1114 97.
872 1068 987 1129 (IX.
1029 1065 1212 1129 xcvn.)

208 1175 269 1207 On
294 1177 364 1207 the
388 1176 574 1216 iealousy
601 1176 642 1207 of
667 1185 717 1207 an
744 1177 951 1207 unknown
979 1183 1149 1214 enemy;
1185 1175 1405 1207 addressed
1430 1179 1472 1206 to
1498 1175 1560 1206 his
1588 1175 1717 1207 friend

775 1230 906 1271 Julius
933 1231 1150 1262 Martialis.

234 1317 508 1379 Rumpitur
536 1316 729 1363 invidia
758 1315 982 1377 quidam,
1013 1314 1275 1361 carissime
1310 1315 1417 1370 Iuli,

299 1398 452 1457 Quod
480 1414 559 1445 me
591 1400 757 1444 Roma
785 1397 920 1459 legit,
952 1396 1200 1458 rumpitur
1229 1396 1434 1443 invidia.

234 1480 506 1540 Rumpitur
534 1478 739 1533 invidia,
771 1478 909 1540 quod
937 1478 1086 1524 turba
1115 1493 1315 1539 semper
1343 1478 1390 1523 in
1419 1478 1558 1524 omni
1705 1497 1761 1525 10

302 1561 652 1606 Monstramur
679 1560 854 1621 digito,
885 1559 1134 1620 rumpitur
1162 1559 1368 1606 invidia.

234 1642 507 1703 Rumpitur
534 1641 740 1698 invidia,
773 1641 947 1687 tribuit
978 1641 1115 1702 quod
1145 1644 1339 1688 Caesar
1365 1650 1576 1703 uterque

300 1724 387 1769 Ius
414 1722 535 1767 mihi
567 1730 816 1777 natorum,
847 1721 1097 1783 rumpitur
1127 1721 1333 1769 invidia.

233 1803 506 1865 Rumpitur
529 1803 735 1860 invidia,
762 1803 899 1864 quod
922 1819 1005 1850 rus
1030 1802 1151 1848 mihi
1175 1803 1323 1850 dulce
1346 1805 1439 1851 sub
1463 1805 1586 1852 urbe
1610 1813 1687 1852 est

299 1886 566 1946 Parvaque
596 1884 644 1930 in
673 1885 795 1931 urbe
820 1885 1016 1942 domus,
1050 1884 1299 1946 rumpitur
1327 1885 1533 1933 invidia.
1704 1904 1755 1950 15

232 1965 505 2027 Rumpitur
532 1965 736 2023 invidia,
768 1966 905 2027 quod
938 1982 1048 2012 sum
1081 1966 1336 2014 iucundus
1365 1967 1557 2027 amicis,

297 2046 452 2105 Quod
479 2046 696 2093 conviva
722 2046 980 2108 frequens,
1014 2047 1263 2109 rumpitur
1293 2047 1501 2096 invidia.

232 2127 504 2189 Rumpitur
526 2127 731 2185 invidia,
757 2129 895 2189 quod
920 2145 1149 2176 amamur
1173 2130 1413 2192 quodque
1435 2130 1735 2192 probamur:

300 2209 599 2269 Rumpatur‚
629 2208 861 2270 quisquis
890 2210 1139 2272 rumpitur
1166 2210 1373 2258 invidia.

236 2447 265 2484 5.
296 2437 394 2471 This
415 2436 491 2472 line
511 2438 542 2472 is
563 2450 584 2473 a
605 2438 855 2484 compliment
877 2445 917 2474 to
1060 2453 1114 2487 13.
1144 2442 1216 2476 lus
1245 2469 1252 2476 .
1282 2469 1289 2476 .
1321 2469 1328 2478 .
1360 2447 1571 2477 natorum:
1605 2443 1669 2478 the
1697 2445 1761 2478 ius

158 2500 222 2535 the
243 2500 419 2545 reigning
439 2511 626 2545 emperor,
652 2503 867 2536 Domitian.
1005 2505 1130 2538 trium
1154 2504 1378 2547 liberorum,
1398 2504 1463 2539 the
1490 2504 1694 2551 privileges
1721 2506 1761 2539 of

231 2562 265 2596 6.
293 2562 463 2596 Sordent
480 2575 488 2596 .·
520 2568 527 2581 ‘
546 2574 646 2597 seem
676 2563 916 2609 (lespicable.’
1006 2577 1028 2600 a
1047 2566 1171 2601 father
1190 2566 1229 2600 of
1256 2566 1362 2602 three
1382 2566 1564 2602 children.

231 2625 266 2661 8.
296 2624 335 2658 R
351 2637 376 2658 u
394 2630 470 2672 mp
487 2626 529 2659 it
547 2637 572 2659 n
589 2638 610 2659 r
641 2627 798 2660 invidza
813 2638 825 2660 .·
863 2627 918 2660 ‘is
1060 2636 1112 2670 17.
1144 2627 1315 2662 Conviva
1338 2627 1557 2674 frequens:
1596 2630 1603 2647 ⁴
1620 2640 1641 2663 a
1677 2640 1761 2663 con-

158 2687 336 2732 bursting
358 2687 451 2722 with
469 2689 591 2732 envy.’
1006 2688 1152 2733 Stantly
1174 2689 1320 2724 invited
1341 2691 1475 2735 guest!

213 2761 268 2786 12.
302 2750 451 2785 Caesar
472 2755 659 2797 uterque:
691 2751 807 2784 Titus
824 2750 918 2795 first,

158 2811 248 2845 then
273 2811 490 2845 Domitian.
