2085 3294
651 207 953 273 Engmms
992 210 1057 274 (ff
1087 210 1339 260 stlarlial.
1722 224 1787 276 45

338 423 420 470 Sic
446 422 676 469 habitare
705 423 850 470 iubes
876 431 1099 470 veterem
1128 425 1349 471 crudelis
1376 425 1592 472 amicum

401 504 615 551 Arboris
642 521 762 567 ergo
789 513 907 552 tuae
936 505 1090 552 tutior
1117 506 1306 567 hospes
1332 522 1432 553 ero.

718 667 796 717 78.
875 671 1050 734 (VIII.
1091 669 1268 732 XXIII.)

654 777 767 817 Why
792 778 861 809 the
886 779 986 809 cook
1012 787 1101 809 was
1127 778 1333 818 whipped.

334 866 459 911 Esse
487 862 578 911 tibi
605 863 781 910 videor
809 879 994 909 saevus
1023 863 1338 925 nimiumque
1363 864 1590 926 gulosus,

399 945 499 1004 Qui
526 952 734 1006 propter
761 960 956 1002 cenam,
990 944 1217 1003 Rustiee,
1246 945 1408 991 caedo
1436 961 1631 993 cocum.

333 1027 385 1073 Si
413 1026 539 1073 levis
567 1026 664 1073 ista
691 1026 782 1072 tibi
810 1026 1082 1088 flagrorum
1111 1043 1267 1073 causa
1293 1026 1507 1083 videtur,
1762 1044 1785 1089 5

399 1110 471 1154 Ex
499 1123 600 1169 qua
625 1107 701 1154 vis
729 1123 885 1154 causa
913 1108 1121 1169 vapulet
1148 1123 1268 1169 ergo
1295 1123 1449 1154 cocus
1472 1109 1488 1154 ?

704 1280 782 1329 79.
860 1284 1034 1345 (VIII.
1078 1281 1272 1343 xxxii.)

193 1391 225 1422 A
254 1391 427 1423 delicate
456 1391 599 1431 appeal
629 1394 670 1422 to
699 1390 767 1421 the
800 1400 982 1430 emperor
1014 1391 1054 1421 in
1089 1394 1257 1430 support
1289 1390 1330 1421 of
1361 1390 1582 1421 Aratulla's
1615 1390 1784 1429 petition

532 1446 593 1478 for
618 1447 686 1477 the
713 1446 832 1477 recall
852 1446 893 1477 of
922 1446 990 1477 her
1018 1446 1180 1477 brother
1206 1446 1309 1477 from
1339 1445 1454 1477 exile.

396 1534 529 1578 Ae'ra
556 1547 647 1593 per
672 1530 882 1578 tacitum
911 1530 1124 1592 delapsa
1151 1530 1378 1577 sedentis
1406 1530 1455 1575 in
1485 1529 1624 1591 ipsos

466 1612 633 1659 Fluxit
661 1612 923 1659 Aratullae
951 1612 1144 1659 blanda
1171 1612 1409 1658 columba
1436 1611 1591 1657 sinus.

394 1696 610 1741 Luserat
636 1693 734 1740 hoc
761 1709 926 1750 casus,
955 1693 1053 1740 nisi
1081 1693 1408 1739 inobservata
1434 1700 1662 1738 maneret

463 1775 819 1836 Permissaque
847 1774 944 1821 sibi
972 1774 1130 1821 nollet
1158 1774 1297 1820 abire
1324 1774 1459 1835 fuga.
1728 1789 1784 1817 10

397 1856 447 1904 Si
475 1856 685 1903 meliora
710 1855 825 1917 piae
851 1855 930 1902 fas
959 1862 1037 1902 est
1064 1871 1268 1917 sperare
1296 1854 1454 1902 sorori

462 1939 525 1984 Et
551 1936 815 1984 dominum
842 1936 1021 1983 mundi
1048 1937 1252 1983 flectere
1280 1943 1398 1983 vota
1424 1936 1613 1992 valent,

395 2021 543 2065 Haec
571 2035 599 2064 a
628 2018 838 2065 Sardois
865 2018 958 2066 tibi
984 2018 1200 2065 forsitan
1229 2017 1391 2064 exulis
1418 2016 1532 2073 oris,

461 2102 635 2147 Fratre
665 2116 945 2158 reversuro,
979 2099 1159 2146 nuntia
1186 2098 1324 2145 venit
1352 2097 1472 2144 avis.

238 2386 272 2422 3.
303 2375 471 2410 Gulosus
486 2388 494 2408 :
525 2374 726 2419 ‘glutton.'
1105 2384 1138 2417 9.
1166 2372 1336 2406 Luserat
1379 2370 1447 2405 hoc
1490 2382 1629 2404 casus:
1683 2369 1785 2404 ‘this

239 2449 272 2482 4.
301 2438 469 2484 Propter
497 2449 655 2471 cenam:
685 2438 692 2456 ‘
710 2436 869 2471 because
897 2435 943 2470 he
1031 2434 1154 2480 might
1170 2434 1265 2468 have
1284 2433 1376 2467 been
1397 2444 1419 2466 a
1438 2431 1543 2466 freak
1563 2431 1602 2465 of
1621 2431 1785 2466 chaneos

190 2499 309 2546 spoilt
328 2499 392 2534 the
412 2499 571 2533 dinner.'
1103 2509 1135 2541 c).
1165 2497 1415 2531 lnohscrvata
1429 2508 1439 2529 .·
1469 2497 1477 2513 ⁴
1494 2493 1744 2528 unwatched.'

238 2575 272 2608 4.
303 2563 449 2598 caedo.-
481 2566 488 2580 ‘
509 2563 520 2595 Ι
545 2562 653 2596 beat.'
1086 2570 1138 2592 11.
1166 2558 1290 2591 Piae:
1320 2563 1327 2575 ⁸
1346 2556 1499 2601 loving‚’
1520 2558 1528 2574 ‘
1545 2554 1736 2591 devoted.’

243 2636 273 2673 5.
302 2626 545 2671 Flagrornm
562 2639 573 2659 .·
603 2628 611 2643 ⁴
627 2624 686 2658 for
706 2637 727 2659 a
745 2623 927 2668 flogging,
1087 2632 1138 2666 ¹3·
1168 2621 1354 2654 Sardois:
1377 2618 1476 2664 adj.;
1497 2618 1559 2653 ‘of
1580 2617 1784 2653 Sardinia!

191 2687 247 2722 lit.
269 2687 331 2720 ‘of
358 2686 507 2721 lnshes?
1084 2695 1137 2729 13,
1163 2695 1214 2727 ¹4·
1244 2683 1391 2717 Exulis
1427 2709 1434 2715 .
1472 2710 1478 2716 .
1520 2710 1527 2718 .
1557 2681 1695 2727 fratrc·
1735 2692 1785 2714 rc-

239 2752 272 2784 6.
309 2750 374 2784 Vis
407 2777 413 2783 .
452 2776 459 2783 .
497 2777 503 2782 .
549 2749 734 2795 vapulet:
789 2752 796 2765 ‘
818 2746 943 2780 would
1032 2758 1238 2781 versum:
1249 2745 1403 2790 fratris
1438 2745 1487 2779 ab
1522 2744 1637 2780 exilio
1668 2755 1785 2778 rever-

191 2824 266 2859 you
286 2812 381 2847 have
401 2811 481 2845 him
501 2815 563 2859 get
585 2823 606 2845 a
625 2810 827 2858 tlirashing
844 2809 877 2843 ‚³⁷
1030 2809 1130 2845 sari.
