2085 3294
363 203 392 253 8
821 202 1129 271 Epz'gmms
1169 202 1237 269 Of
1267 200 1524 253 Martial.

931 512 1003 560 13.
1080 513 1146 578 (Ι.
1188 512 1404 576 LXXXV.)

880 651 944 683 An
972 649 1245 683 auctioneer's
1271 649 1450 681 blunder.

365 769 628 816 Venderet
654 768 886 815 excultos
915 766 1074 815 601165
1104 782 1220 812 cum
1249 781 1437 828 praeco
1463 765 1665 812 facetus

435 853 605 912 Atque
635 849 918 897 suburbani
947 849 1126 912 iugera
1153 848 1371 912 pulchra
1400 846 1509 906 soli,

369 936 396 956 ‘⁴
420 933 614 990 Errat,''
644 933 727 991 ait,
759 933 850 980 “si
877 932 991 995 quis
1022 931 1190 979 Mario
1219 939 1367 994 putat
1394 946 1507 978 esse
1536 945 1749 978 necesse

434 1014 703 1062 Vendere:
744 1015 814 1061 nil
843 1015 1015 1073 debet,
1044 1015 1246 1061 fenerat
1275 1013 1431 1060 immo
1460 1013 1672 1075 magis.''

370 1097 562 1156 “Quae
584 1096 714 1144 ratio
737 1104 815 1144 est
836 1096 987 1159 igitur
1010 1100 1026 1145 ?
1047 1097 1072 1116 ’'
1123 1100 1149 1120 ⁴⁴
1172 1098 1360 1144 Servos
1384 1096 1453 1143 ibi
1477 1095 1700 1158 perdidit
1724 1109 1904 1141 01111165
1944 1108 1968 1156 5

439 1180 499 1226 Et
526 1194 686 1240 pecus
713 1186 764 1227 et
788 1179 1002 1237 fruetus,
1031 1195 1135 1226 non
1164 1187 1303 1226 amat
1330 1179 1449 1225 inde
1479 1178 1696 1225 locum.''

368 1261 498 1320 Quis
524 1261 722 1309 faceret
747 1260 969 1324 pretium
997 1260 1095 1307 nisi
1124 1260 1211 1322 qui
1238 1277 1331 1308 sua
1357 1261 1572 1323 perdere
1603 1260 1756 1307 vellet

436 1342 663 1391 Omnia?
738 1342 823 1391 Sic
852 1342 1020 1390 Mario
1047 1342 1232 1390 noxius
1259 1343 1436 1390 haeret
1464 1358 1598 1405 ager.

892 1544 965 1594 14.
1044 1546 1106 1611 (I.
1150 1546 1391 1609 LXXXVI.)

768 1685 831 1716 An
856 1684 1094 1716 unsociable
1121 1688 1215 1715 next
1241 1685 1340 1716 door
1364 1686 1568 1725 neighbor.

642 1797 861 1845 Vicinus
888 1814 1035 1845 meus
1058 1806 1138 1845 est
1164 1814 1424 1859 manuque
1451 1799 1592 1861 tangi

614 1929 621 1939 ¹
645 1881 723 1926 De
752 1880 941 1927 nostris
970 1879 1169 1927 Novius
1196 1887 1368 1942 potest
1394 1880 1650 1929 fenestris.
1919 1901 1977 1929 10

645 1961 775 2020 Quis
802 1978 905 2008 non
934 1961 1163 2009 invideat
1190 1961 1314 2007 mihi
1341 1970 1589 2024 putetque

647 2042 806 2088 Horis
834 2042 1074 2088 omnibus
1101 2058 1217 2088 esse
1246 2058 1325 2088 me
1352 2042 1576 2101 beatum,

646 2126 830 2182 Iuncto
859 2123 940 2170 cui
970 2124 1121 2170 liceat
1148 2123 1246 2169 frui
1274 2124 1488 2173 sodale?

424 2408 453 2430 1.
482 2395 674 2430 Excnltos
700 2396 833 2430 colles:
871 2394 1030 2440 ‘highly
1058 2394 1131 2430 cul·
1292 2396 1326 2429 6.
1353 2396 1478 2431 Inde:
1511 2398 1744 2434 ‘therefore.'

370 2457 519 2492 tivated
538 2457 651 2492 hills.⁷
1295 2467 1325 2502 7.
1354 2459 1537 2494 Prelizl'm
1552 2474 1562 2495 ,·
1593 2463 1635 2496 ‘a
1655 2461 1743 2496 bid.'

425 2532 454 2554 1.
483 2521 632 2555 Praese
658 2520 820 2566 fen-clus
837 2533 847 2554 .·
898 2523 947 2555 ‘a
975 2520 1133 2565 (would-
1292 2521 1324 2555 8.
1353 2522 1514 2557 Ahala
1542 2551 1549 2558 .
1581 2552 1588 2560 .
1620 2552 1628 2559 .
1657 2525 1878 2572 agert‘his
1899 2527 1979 2560 nui—

370 2583 430 2628 be)
456 2584 564 2627 witty
585 2584 828 2617 auctionem-2
1219 2594 1333 2619 sance
1353 2585 1392 2619 of
1412 2598 1433 2620 a
1454 2586 1576 2621 farm]

421 2657 453 2692 3.
483 2646 645 2680 Alario:
675 2646 739 2680 the
767 2657 894 2680 owner
922 2646 962 2680 of
989 2646 1054 2681 the
1080 2659 1133 2681 es·
1278 2659 1330 2693 13·
1360 2648 1500 2684 lum-to
1529 2678 1536 2684 .
1565 2678 1571 2685 .
1603 2678 1610 2685 .
1637 2652 1793 2686 sodale:
1816 2651 1978 2687 ‘aelose

371 2714 462 2746 tate.
1219 2712 1498 2757 co1npani0n3'
1536 2713 1628 2747 with
1665 2726 1687 2748 a
1714 2713 1803 2760 play
1831 2726 1882 2749 on
1911 2714 1977 2749 the

420 2785 452 2818 4.
483 2772 660 2806 Fc'mv’al
687 2774 825 2807 immo:
853 2775 926 2807 ‘on
954 2773 1019 2807 the
1047 2785 1132 2808 6011-
1220 2775 1400 2820 meaning
1419 2774 1459 2808 of
1485 2774 1597 2810 close.

371 2841 475 2879 trary
497 2835 542 2869 he
563 2834 670 2869 lends
691 2836 852 2879 111011ey.’
